#SYMBOL,SYSTEM,TYPE,MOMENT,ID,ACTION,PRICE,VOLUME,ID_DEAL,PRICE_DEAL
SiZ4,F,S,20240930185801433,1892949931690295297,1,95315.00000,10,,
SiZ4,F,B,20240930185801433,1892949931690295298,1,86100.00000,1,,
SiZ4,F,B,20240930185801433,1892949931690295299,1,89530.00000,2,,
SiZ4,F,B,20240930185801433,1892949931690295300,1,90800.00000,1,,
SiZ4,F,S,20240930185801433,1892949931690295301,1,94000.00000,1,,
SiZ4,F,S,20240930185801433,1892949931690295302,1,95500.00000,1,,
SiZ4,F,B,20240930185801433,1892949931690295303,1,90656.00000,1,,
SiZ4,F,B,20240930185801433,1892949931690295304,1,91232.00000,80,,
SiZ4,F,B,20240930185801437,1892949931690295305,1,90800.00000,1,,
SiZ4,F,S,20240930185801437,1892949931690295308,1,93821.00000,1,,
SiZ4,F,B,20240930185801437,1892949931690295311,1,91300.00000,7,,
SiZ4,F,S,20240930185801437,1892949931690295312,1,94906.00000,25,,
SiZ4,F,B,20240930185801437,1892949931690295313,1,90807.00000,50,,
SiH5,F,B,20240930185801437,1892949931690295314,1,92000.00000,1,,
SiZ4,F,B,20240930185801437,1892949931690295315,1,92005.00000,1,,
SiZ4,F,B,20240930185801437,1892949931690295316,1,91502.00000,1,,
SiZ4,F,B,20240930185801437,1892949931690295317,1,91770.00000,1,,
SiZ4,F,B,20240930185801437,1892949931690295318,1,92200.00000,1,,
SiZ4,F,B,20240930185801437,1892949931690295319,1,92498.00000,1,,
SiZ4,F,B,20240930185801437,1892949931690295320,1,91222.00000,1,,
SiZ4,F,B,20240930185801437,1892949931690295322,1,92021.00000,90,,
SiZ4,F,B,20240930185801437,1892949931690295323,1,92347.00000,1,,
SiZ4,F,B,20240930185801437,1892949931690295324,1,92109.00000,1,,
SiZ4,F,B,20240930185801437,1892949931690295325,1,91200.00000,1,,
SiZ4,F,B,20240930185801437,1892949931690295326,1,92555.00000,1,,
SiZ4,F,B,20240930185801437,1892949931690295327,1,92551.00000,1,,
SiZ4,F,B,20240930185801437,1892949931690295328,1,92460.00000,1,,
SiZ4,F,B,20240930185801437,1892949931690295329,1,92451.00000,1,,
SiZ4,F,B,20240930185801470,1892949931690295330,1,90627.00000,1,,
SiZ4,F,S,20240930185801470,1892949931690295331,1,94007.00000,1,,
SiU6,F,S,20240930185801470,1892949931690295332,1,108909.00000,5,,
SiM6,F,B,20240930185801470,1892949931690295333,1,97007.00000,9,,
SiU5,F,B,20240930185801470,1892949931690295334,1,93000.00000,7,,
SiM5,F,B,20240930185801470,1892949931690295335,1,91504.00000,1,,
SiZ4,F,B,20240930185801473,1892949931690295336,1,92000.00000,6,,
SiZ4,F,B,20240930185801473,1892949931690295339,1,91000.00000,1,,
SiZ4,F,S,20240930185801473,1892949931690295340,1,95730.00000,1,,
SiZ4,F,S,20240930185801473,1892949931690295341,1,97566.00000,1,,
SiZ4,F,S,20240930185801473,1892949931690295344,1,93200.00000,1,,
SiZ4,F,B,20240930185801483,1892949931690295345,1,92220.00000,5,,
SiZ4,F,B,20240930185801483,1892949931690295346,1,92210.00000,5,,
SiZ4,F,B,20240930185801483,1892949931690295347,1,92200.00000,5,,
SiZ4,F,B,20240930185801483,1892949931690295348,1,92190.00000,5,,
SiZ4,F,B,20240930185801483,1892949931690295349,1,92180.00000,5,,
SiZ4,F,B,20240930185801483,1892949931690295350,1,92170.00000,5,,
SiZ4,F,B,20240930185801483,1892949931690295351,1,92160.00000,5,,
SiZ4,F,B,20240930185801483,1892949931690295352,1,92150.00000,5,,
SiZ4,F,B,20240930185801483,1892949931690295353,1,92140.00000,5,,
SiZ4,F,B,20240930185801483,1892949931690295354,1,92130.00000,5,,
SiZ4,F,B,20240930185801483,1892949931690295355,1,92120.00000,5,,
SiZ4,F,B,20240930185801483,1892949931690295356,1,92110.00000,5,,
SiZ4,F,B,20240930185801483,1892949931690295357,1,92100.00000,5,,
SiZ4,F,B,20240930185801483,1892949931690295358,1,92090.00000,5,,
SiZ4,F,S,20240930185801483,1892949931690295359,1,94057.00000,1,,
SiZ4,F,B,20240930185801483,1892949931690295360,1,92511.00000,2,,
SiZ4,F,B,20240930185801483,1892949931690295361,1,92411.00000,2,,
SiZ4,F,B,20240930185801483,1892949931690295362,1,91503.00000,3,,
SiZ4,F,B,20240930185801483,1892949931690295363,1,92411.00000,2,,
SiZ4,F,B,20240930185801483,1892949931690295364,1,92521.00000,2,,
SiZ4,F,B,20240930185801483,1892949931690295365,1,92421.00000,3,,
SiZ4,F,B,20240930185801483,1892949931690295366,1,92151.00000,2,,
SiZ4,F,B,20240930185801483,1892949931690295367,1,92111.00000,2,,
SiZ4,F,B,20240930185801483,1892949931690295368,1,90758.00000,1,,
SiU6,F,S,20240930185801493,1892949931690295369,1,106690.00000,3,,
SiU6,F,S,20240930185801493,1892949931690295370,1,108120.00000,2,,
SiH6,F,S,20240930185801493,1892949931690295371,1,103746.00000,7,,
SiZ4,F,B,20240930185801503,1892949931690295375,1,92700.00000,1,,
SiZ4,F,S,20240930185801513,1892949931690295378,1,93305.00000,1,,
SiZ4,F,B,20240930185801513,1892949931690295379,1,92765.00000,1,,
SiZ4,F,S,20240930185801513,1892949931690295380,1,93100.00000,1,,
SiZ4,F,B,20240930185801513,1892949931690295382,1,91901.00000,3,,
SiZ4,F,B,20240930185801513,1892949931690295383,1,92121.00000,2,,
SiZ4,F,B,20240930185801513,1892949931690295384,1,92392.00000,2,,
SiZ4,F,B,20240930185801513,1892949931690295385,1,92414.00000,2,,
SiZ4,F,B,20240930185801513,1892949931690295386,1,92431.00000,2,,
SiZ4,F,B,20240930185801513,1892949931690295387,1,92471.00000,2,,
SiZ4,F,B,20240930185801513,1892949931690295388,1,92501.00000,2,,
SiZ4,F,S,20240930185801513,1892949931690295389,1,93238.00000,2,,
SiZ4,F,B,20240930185801513,1892949931690295390,1,92750.00000,5,,
SiZ4,F,B,20240930185801513,1892949931690295391,1,92091.00000,2,,
SiZ4,F,B,20240930185801513,1892949931690295392,1,92151.00000,2,,
SiZ4,F,B,20240930185801513,1892949931690295393,1,92302.00000,1,,
SiZ4,F,S,20240930185801513,1892949931690295396,1,93138.00000,2,,
SiZ4,F,B,20240930185801513,1892949931690295398,1,92500.00000,5,,
SiZ4,F,B,20240930185801513,1892949931690295399,1,92500.00000,1,,
SiZ4,F,B,20240930185801517,1892949931690295400,1,92450.00000,1,,
SiZ4,F,B,20240930185801517,1892949931690295401,1,92550.00000,1,,
SiZ4,F,S,20240930185801517,1892949931690295402,1,93150.00000,1,,
SiZ4,F,B,20240930185801517,1892949931690295403,1,92363.00000,8,,
SiZ4,F,S,20240930185801523,1892949931690295405,1,93370.00000,100,,
GZZ4,F,B,20240930185801523,1896046156434112513,1,12850.00000,5,,
GZZ4,F,B,20240930185801523,1896046156434112514,1,12920.00000,5,,
GZZ4,F,B,20240930185801523,1896046156434112515,1,12910.00000,5,,
GZZ4,F,B,20240930185801523,1896046156434112516,1,12900.00000,5,,
GZZ4,F,B,20240930185801523,1896046156434112517,1,12890.00000,5,,
GZZ4,F,B,20240930185801523,1896046156434112518,1,12880.00000,5,,
GZZ4,F,B,20240930185801523,1896046156434112519,1,12870.00000,5,,
GZZ4,F,B,20240930185801523,1896046156434112520,1,12860.00000,5,,
GZZ4,F,B,20240930185801523,1896046156434112521,1,12840.00000,5,,
GZZ4,F,B,20240930185801523,1896046156434112522,1,12830.00000,5,,
GZZ4,F,B,20240930185801523,1896046156434112523,1,12820.00000,5,,
GZZ4,F,B,20240930185801523,1896046156434112524,1,12810.00000,5,,
GZZ4,F,B,20240930185801523,1896046156434112525,1,12800.00000,5,,
GZZ4,F,B,20240930185801523,1896046156434112526,1,12790.00000,5,,
GZZ4,F,B,20240930185801523,1896046156434112527,1,12930.00000,5,,
GZZ4,F,B,20240930185801523,1896046156434112528,1,13675.00000,1,,
GZZ4,F,B,20240930185801523,1896046156434112529,1,12940.00000,5,,
GZZ4,F,B,20240930185801523,1896046156434112530,1,12950.00000,5,,
GZZ4,F,B,20240930185801523,1896046156434112531,1,12960.00000,5,,
GZZ4,F,B,20240930185801523,1896046156434112532,1,13861.00000,1,,
GZZ4,F,B,20240930185801523,1896046156434112533,1,12970.00000,5,,
GZZ4,F,B,20240930185801523,1896046156434112534,1,12980.00000,5,,
GZZ4,F,B,20240930185801523,1896046156434112535,1,12990.00000,5,,
GZZ4,F,B,20240930185801523,1896046156434112536,1,13000.00000,5,,
GZZ4,F,B,20240930185801523,1896046156434112537,1,13010.00000,5,,
GZZ4,F,B,20240930185801523,1896046156434112538,1,13020.00000,5,,
GZZ4,F,B,20240930185801523,1896046156434112539,1,13030.00000,5,,
GZH5,F,B,20240930185801523,1896046156434112540,1,13700.00000,5,,
GZZ4,F,B,20240930185801523,1896046156434112541,1,13040.00000,5,,
GZZ4,F,B,20240930185801523,1896046156434112542,1,13050.00000,5,,
GZZ4,F,B,20240930185801523,1896046156434112543,1,13239.00000,1,,
GZZ4,F,B,20240930185801523,1896046156434112544,1,13060.00000,5,,
GZZ4,F,B,20240930185801523,1896046156434112545,1,13801.00000,1,,
GZZ4,F,B,20240930185801523,1896046156434112546,1,13400.00000,1,,
GZZ4,F,B,20240930185801523,1896046156434112548,1,13603.00000,1,,
GZZ4,F,B,20240930185801527,1896046156434112549,1,13899.00000,1,,
GZZ4,F,B,20240930185801527,1896046156434112550,1,13496.00000,1,,
GZZ4,F,B,20240930185801527,1896046156434112551,1,13070.00000,5,,
GZZ4,F,B,20240930185801527,1896046156434112552,1,14001.00000,1,,
GZZ4,F,B,20240930185801527,1896046156434112553,1,14013.00000,1,,
GZZ4,F,B,20240930185801527,1896046156434112554,1,14200.00000,10,,
GZZ4,F,B,20240930185801527,1896046156434112555,1,14200.00000,10,,
GZZ4,F,B,20240930185801527,1896046156434112556,1,14000.00000,1,,
GZZ4,F,B,20240930185801527,1896046156434112557,1,14200.00000,1,,
GZZ4,F,S,20240930185801527,1896046156434112558,1,15300.00000,5,,
GZH5,F,B,20240930185801527,1896046156434112559,1,14200.00000,5,,
GZZ4,F,B,20240930185801527,1896046156434112560,1,14100.00000,1,,
GZZ4,F,S,20240930185801547,1896046156434112563,1,15700.00000,4,,
GZZ4,F,B,20240930185801557,1896046156434112565,1,13971.00000,1,,
GZZ4,F,S,20240930185801557,1896046156434112568,1,15515.00000,20,,
GZZ4,F,B,20240930185801557,1896046156434112569,1,13986.00000,1,,
GZZ4,F,B,20240930185801557,1896046156434112570,1,14300.00000,5,,
GZZ4,F,B,20240930185801557,1896046156434112571,1,14300.00000,5,,
GZZ4,F,B,20240930185801557,1896046156434112572,1,14300.00000,1,,
GZZ4,F,B,20240930185801557,1896046156434112573,1,13625.00000,1,,
GZZ4,F,B,20240930185801557,1896046156434112574,1,13550.00000,1,,
GZZ4,F,B,20240930185801567,1896046156434112575,1,14400.00000,1,,
GZZ4,F,S,20240930185801567,1896046156434112576,1,15100.00000,100,,
GZZ4,F,S,20240930185801567,1896046156434112577,1,15200.00000,100,,
GZZ4,F,S,20240930185801577,1896046156434112578,1,15158.00000,2,,
GZZ4,F,B,20240930185801577,1896046156434112579,1,14500.00000,5,,
GZZ4,F,B,20240930185801577,1896046156434112580,1,14500.00000,5,,
GZZ4,F,B,20240930185801577,1896046156434112581,1,14400.00000,5,,
GZZ4,F,B,20240930185801577,1896046156434112582,1,14400.00000,5,,
GZZ4,F,S,20240930185801577,1896046156434112583,1,15496.00000,1,,
GZZ4,F,S,20240930185801577,1896046156434112584,1,15700.00000,1,,
GZZ4,F,S,20240930185801577,1896046156434112585,1,15151.00000,1,,
GZZ4,F,S,20240930185801577,1896046156434112586,1,15329.00000,1,,
GZZ4,F,S,20240930185801577,1896046156434112587,1,15000.00000,1,,
GZZ4,F,S,20240930185801577,1896046156434112588,1,15053.00000,5,,
GZZ4,F,S,20240930185801577,1896046156434112589,1,14900.00000,5,,
GZZ4,F,S,20240930185801577,1896046156434112590,1,14900.00000,5,,
GZZ4,F,B,20240930185801577,1896046156434112591,1,14423.00000,20,,
GZZ4,F,S,20240930185801587,1896046156434112592,1,15005.00000,5,,
GZZ4,F,S,20240930185801587,1896046156434112593,1,14800.00000,5,,
GZZ4,F,S,20240930185801587,1896046156434112594,1,14800.00000,5,,
GZZ4,F,S,20240930185801587,1896046156434112595,1,14900.00000,1,,
GZZ4,F,S,20240930185801587,1896046156434112596,1,15019.00000,2,,
GZZ4,F,B,20240930185801587,1896046156434112597,1,14354.00000,1,,
GZZ4,F,B,20240930185801587,1896046156434112598,1,14501.00000,1,,
GZZ4,F,B,20240930185801590,1896046156434112599,1,14219.00000,1,,
GZZ4,F,S,20240930185801590,1896046156434112600,1,14700.00000,5,,
GZZ4,F,S,20240930185801590,1896046156434112601,1,14700.00000,5,,
GZZ4,F,S,20240930185801597,1896046156434112602,1,15396.00000,1,,
GZZ4,F,B,20240930185801597,1896046156434112603,1,14015.00000,3,,
GZZ4,F,S,20240930185801597,1896046156434112604,1,14804.00000,1,,
GZZ4,F,S,20240930185801597,1896046156434112605,1,14651.00000,1,,
GZZ4,F,S,20240930185801597,1896046156434112606,1,15249.00000,4,,
GZZ4,F,S,20240930185801597,1896046156434112607,1,14847.00000,1,,
GZZ4,F,S,20240930185801597,1896046156434112608,1,14800.00000,1,,
GZZ4,F,S,20240930185801597,1896046156434112609,1,14970.00000,1,,
GZZ4,F,S,20240930185801600,1896046156434112610,1,15444.00000,1,,
GZZ4,F,S,20240930185801600,1896046156434112611,1,14800.00000,300,,
LKM5,F,S,20240930185801610,1918845629547675649,1,76579.00000,1,,
LKZ4,F,B,20240930185801610,1918845629547675650,1,65000.00000,1,,
LKZ4,F,B,20240930185801610,1918845629547675651,1,67000.00000,1,,
LKH5,F,S,20240930185801610,1918845629547675652,1,72500.00000,1,,
LKM5,F,B,20240930185801610,1918845629547675653,1,66007.00000,1,,
LKM5,F,B,20240930185801610,1918845629547675654,1,66690.00000,1,,
LKM5,F,S,20240930185801620,1918845629547675655,1,77388.00000,1,,
RIZ4,F,B,20240930185801623,1925038079035310086,1,94660.00000,3,,
RIZ4,F,B,20240930185801623,1925038079035310087,1,95150.00000,1,,
RIZ4,F,S,20240930185801623,1925038079035310088,1,105000.00000,1,,
RIZ4,F,S,20240930185801623,1925038079035310089,1,103250.00000,1,,
RIZ4,F,S,20240930185801623,1925038079035310090,1,103750.00000,1,,
RIZ4,F,S,20240930185801623,1925038079035310091,1,104250.00000,1,,
RIZ4,F,S,20240930185801623,1925038079035310092,1,102780.00000,1,,
RIZ4,F,S,20240930185801623,1925038079035310093,1,101880.00000,1,,
RIZ4,F,S,20240930185801623,1925038079035310094,1,102520.00000,1,,
RIZ4,F,S,20240930185801623,1925038079035310095,1,102920.00000,1,,
RIZ4,F,S,20240930185801623,1925038079035310096,1,103330.00000,1,,
RIZ4,F,S,20240930185801623,1925038079035310097,1,101830.00000,1,,
RIZ4,F,S,20240930185801623,1925038079035310098,1,101830.00000,1,,
RIZ4,F,S,20240930185801623,1925038079035310099,1,101830.00000,1,,
RIZ4,F,S,20240930185801623,1925038079035310100,1,101750.00000,2,,
RIZ4,F,S,20240930185801623,1925038079035310101,1,101650.00000,1,,
RIZ4,F,S,20240930185801623,1925038079035310102,1,103000.00000,1,,
RIZ4,F,B,20240930185801623,1925038079035310105,1,99000.00000,1,,
RIZ4,F,B,20240930185801623,1925038079035310106,1,98500.00000,1,,
RIZ4,F,B,20240930185801623,1925038079035310107,1,99500.00000,1,,
RIZ4,F,S,20240930185801630,1925038079035310115,1,101490.00000,1,,
RIZ4,F,B,20240930185801653,1925038079035310116,1,97310.00000,1,,
RIM6,F,S,20240930185801653,1925038079035310117,1,114630.00000,1,,
RIZ4,F,S,20240930185801663,1925038079035310120,1,102920.00000,1,,
RIZ4,F,B,20240930185801663,1925038079035310121,1,96130.00000,30,,
RIZ4,F,B,20240930185801663,1925038079035310122,1,98500.00000,1,,
RIZ4,F,S,20240930185801663,1925038079035310123,1,106780.00000,1,,
RIZ4,F,S,20240930185801663,1925038079035310124,1,103530.00000,1,,
SiZ4,F,S,20240930185801663,1892949931690295406,1,93471.00000,16,,
SiZ4,F,B,20240930185801663,1892949931690295407,1,90160.00000,1,,
SiH5,F,S,20240930185801663,1892949931690295408,1,98800.00000,3,,
SiZ4,F,S,20240930185801663,1892949931690295409,1,96600.00000,2,,
SiH5,F,S,20240930185801663,1892949931690295410,1,99480.00000,2,,
SiZ4,F,S,20240930185801663,1892949931690295411,1,97400.00000,3,,
RIZ4,F,S,20240930185801670,1925038079035310125,1,101400.00000,1,,
RIZ4,F,S,20240930185801670,1925038079035310126,1,105060.00000,1,,
RIZ4,F,S,20240930185801673,1925038079035310127,1,101140.00000,1,,
RIZ4,F,S,20240930185801673,1925038079035310128,1,100940.00000,1,,
RIZ4,F,S,20240930185801673,1925038079035310129,1,101000.00000,1,,
RIZ4,F,S,20240930185801673,1925038079035310130,1,100500.00000,1,,
RIZ4,F,S,20240930185801683,1925038079035310131,1,100490.00000,40,,
RIZ4,F,S,20240930185801683,1925038079035310132,1,100980.00000,10,,
RIZ4,F,B,20240930185801683,1925038079035310133,1,99750.00000,1,,
RIZ4,F,S,20240930185801683,1925038079035310134,1,101200.00000,1,,
GDZ4,F,B,20240930185801683,1936578553080446978,1,2595.00000,1,,
GDZ4,F,B,20240930185801683,1936578553080446979,1,2610.10000,20,,
GDZ4,F,B,20240930185801683,1936578553080446980,1,2620.30000,20,,
GDZ4,F,B,20240930185801683,1936578553080446981,1,2639.70000,15,,
GDZ4,F,B,20240930185801683,1936578553080446982,1,2655.80000,15,,
GDZ4,F,B,20240930185801683,1936578553080446983,1,2612.40000,1,,
GDZ4,F,B,20240930185801683,1936578553080446984,1,2625.10000,1,,
GDZ4,F,B,20240930185801683,1936578553080446985,1,2629.40000,1,,
GDZ4,F,B,20240930185801683,1936578553080446986,1,2617.70000,1,,
GDZ4,F,B,20240930185801683,1936578553080446987,1,2668.80000,20,,
GDZ4,F,B,20240930185801683,1936578553080446988,1,2683.20000,1,,
GDZ4,F,B,20240930185801683,1936578553080446989,1,2686.40000,1,,
GDZ4,F,B,20240930185801683,1936578553080446990,1,2650.00000,1,,
GDZ4,F,B,20240930185801683,1936578553080446991,1,2684.70000,15,,
GDZ4,F,S,20240930185801683,1936578553080446992,1,2748.40000,10,,
GDZ4,F,S,20240930185801683,1936578553080446994,1,2740.00000,20,,
GDZ4,F,B,20240930185801683,1936578553080446995,1,2691.40000,2,,
GDZ4,F,S,20240930185801683,1936578553080446996,1,2737.30000,25,,
GDZ4,F,S,20240930185801707,1936578553080446997,1,2739.00000,1,,
GDZ4,F,S,20240930185801707,1936578553080446998,1,2764.40000,1,,
GDZ4,F,S,20240930185801707,1936578553080446999,1,2774.40000,1,,
GDZ4,F,B,20240930185801713,1936578553080447000,1,2649.20000,1,,
GDH5,F,B,20240930185801717,1936578553080447001,1,2678.10000,1,,
GDZ4,F,B,20240930185801717,1936578553080447002,1,2675.10000,1,,
GDZ4,F,B,20240930185801717,1936578553080447003,1,2635.70000,6,,
GDZ4,F,S,20240930185801717,1936578553080447004,1,2729.00000,9,,
GDH5,F,B,20240930185801717,1936578553080447005,1,2712.20000,1,,
GDZ4,F,S,20240930185801723,1936578553080447006,1,2714.90000,6,,
GDZ4,F,B,20240930185801723,1936578553080447007,1,2669.70000,2,,
GDZ4,F,B,20240930185801723,1936578553080447008,1,2685.00000,1,,
GDZ4,F,S,20240930185801723,1936578553080447009,1,2710.90000,10,,
GDZ4,F,S,20240930185801723,1936578553080447010,1,2720.90000,10,,
SiZ4,F,S,20240930185801723,1892949931690295412,1,93708.00000,1,,
SiZ4,F,S,20240930185801723,1892949931690295413,1,97432.00000,1,,
SiZ4,F,B,20240930185801723,1892949931690295414,1,90300.00000,6,,
GDZ4,F,S,20240930185801723,1936578553080447011,1,2730.90000,10,,
GDZ4,F,S,20240930185801723,1936578553080447012,1,2740.90000,10,,
GDZ4,F,S,20240930185801723,1936578553080447013,1,2750.90000,10,,
GDZ4,F,B,20240930185801727,1936578553080447014,1,2674.90000,8,,
GDZ4,F,B,20240930185801727,1936578553080447015,1,2660.10000,10,,
GDZ4,F,S,20240930185801727,1936578553080447016,1,2715.60000,1,,
GDZ4,F,B,20240930185801727,1936578553080447017,1,2695.20000,1,,
GDZ4,F,S,20240930185801727,1936578553080447018,1,2743.70000,1,,
GDZ4,F,S,20240930185801727,1936578553080447019,1,2746.70000,1,,
GDZ4,F,S,20240930185801733,1936578553080447020,1,2708.20000,1,,
GDZ4,F,S,20240930185801733,1936578553080447021,1,2708.80000,1,,
GDZ4,F,S,20240930185801733,1936578553080447022,1,2714.40000,2,,
GDZ4,F,S,20240930185801733,1936578553080447023,1,2709.80000,2,,
GDZ4,F,S,20240930185801733,1936578553080447024,1,2728.60000,2,,
GDZ4,F,B,20240930185801733,1936578553080447025,1,2659.00000,4,,
GDZ4,F,S,20240930185801737,1936578553080447026,1,2715.10000,1,,
GDZ4,F,B,20240930185801737,1936578553080447027,1,2678.60000,10,,
GDZ4,F,S,20240930185801737,1936578553080447028,1,2726.30000,1,,
RNM5,F,B,20240930185801737,1937141503033868289,1,44891.00000,1,,
RNH6,F,B,20240930185801737,1937141503033868290,1,48759.00000,1,,
RNM5,F,B,20240930185801737,1937141503033868291,1,45135.00000,1,,
RNM5,F,B,20240930185801737,1937141503033868292,1,46468.00000,1,,
RNZ5,F,B,20240930185801737,1937141503033868293,1,48133.00000,1,,
RNZ5,F,B,20240930185801737,1937141503033868294,1,49217.00000,1,,
RNH6,F,B,20240930185801737,1937141503033868295,1,49610.00000,1,,
RNH6,F,B,20240930185801737,1937141503033868296,1,50997.00000,1,,
RNM6,F,B,20240930185801737,1937141503033868297,1,50382.00000,1,,
RNM6,F,B,20240930185801737,1937141503033868298,1,51706.00000,1,,
RNZ5,F,B,20240930185801737,1937141503033868299,1,51052.00000,1,,
RNM6,F,B,20240930185801737,1937141503033868300,1,52997.00000,1,,
RNZ4,F,B,20240930185801737,1937141503033868301,1,51800.00000,1,,
RNZ4,F,B,20240930185801737,1937141503033868302,1,51940.00000,2,,
RNZ5,F,S,20240930185801737,1937141503033868303,1,66772.00000,1,,
RNZ5,F,S,20240930185801737,1937141503033868304,1,67369.00000,1,,
RNM5,F,S,20240930185801737,1937141503033868305,1,63352.00000,1,,
RNH6,F,S,20240930185801737,1937141503033868306,1,67950.00000,1,,
RNM5,F,S,20240930185801737,1937141503033868307,1,62361.00000,1,,
RNH5,F,B,20240930185801737,1937141503033868308,1,53000.00000,1,,
RNH6,F,S,20240930185801737,1937141503033868309,1,68724.00000,1,,
RNZ5,F,S,20240930185801737,1937141503033868310,1,66155.00000,1,,
RNM6,F,S,20240930185801737,1937141503033868311,1,69474.00000,1,,
RNM6,F,S,20240930185801737,1937141503033868312,1,68813.00000,1,,
RNM5,F,S,20240930185801737,1937141503033868313,1,61536.00000,1,,
MTZ4,F,S,20240930185801747,1947556077172162561,1,22400.00000,3,,
MTH5,F,B,20240930185801747,1947556077172162562,1,22000.00000,3,,
MTZ4,F,B,20240930185801753,1947556077172162563,1,21451.00000,1,,
SVZ4,F,B,20240930185801777,1951778201822822401,1,28.50000,1,,
SVZ4,F,B,20240930185801777,1951778201822822402,1,30.30000,1,,
SVZ4,F,B,20240930185801777,1951778201822822403,1,30.50000,1,,
SVZ4,F,B,20240930185801777,1951778201822822404,1,31.00000,1,,
SVM5,F,B,20240930185801777,1951778201822822405,1,31.60000,1,,
SVZ4,F,B,20240930185801777,1951778201822822406,1,31.00000,1,,
SVZ4,F,B,20240930185801777,1951778201822822407,1,30.75000,1,,
SVZ4,F,B,20240930185801777,1951778201822822408,1,30.26000,1,,
SVZ4,F,B,20240930185801777,1951778201822822409,1,30.00000,2,,
SVM5,F,B,20240930185801777,1951778201822822410,1,32.74000,1,,
SVM5,F,B,20240930185801777,1951778201822822411,1,32.61000,1,,
SVZ4,F,B,20240930185801777,1951778201822822412,1,30.40000,1,,
SVH5,F,B,20240930185801777,1951778201822822413,1,31.76000,1,,
SVZ4,F,B,20240930185801777,1951778201822822414,1,31.25000,1,,
SVZ4,F,B,20240930185801777,1951778201822822415,1,31.50000,1,,
SVZ4,F,B,20240930185801777,1951778201822822416,1,31.75000,1,,
SVZ4,F,B,20240930185801777,1951778201822822417,1,31.80000,100,,
SVZ4,F,B,20240930185801777,1951778201822822418,1,31.70000,100,,
SVZ4,F,B,20240930185801777,1951778201822822419,1,31.60000,100,,
SVZ4,F,B,20240930185801777,1951778201822822420,1,31.50000,100,,
SVZ4,F,B,20240930185801777,1951778201822822421,1,31.40000,100,,
SVZ4,F,S,20240930185801777,1951778201822822422,1,33.75000,1,,
SVZ4,F,S,20240930185801777,1951778201822822423,1,34.00000,1,,
SVZ4,F,S,20240930185801777,1951778201822822424,1,34.12000,1,,
SVH5,F,B,20240930185801777,1951778201822822425,1,32.19000,1,,
SVH5,F,B,20240930185801777,1951778201822822426,1,32.10000,1,,
SVH5,F,B,20240930185801777,1951778201822822427,1,32.01000,1,,
SVH5,F,B,20240930185801777,1951778201822822428,1,31.92000,1,,
SVH5,F,B,20240930185801777,1951778201822822429,1,31.42000,1,,
SVH5,F,B,20240930185801777,1951778201822822430,1,31.24000,1,,
SVH5,F,B,20240930185801777,1951778201822822431,1,31.29000,1,,
SVH5,F,B,20240930185801777,1951778201822822432,1,31.20000,1,,
SVH5,F,B,20240930185801777,1951778201822822433,1,31.14000,1,,
SVM5,F,S,20240930185801777,1951778201822822434,1,35.90000,1,,
SVZ4,F,B,20240930185801777,1951778201822822435,1,31.50000,2,,
SVZ4,F,B,20240930185801777,1951778201822822436,1,31.60000,5,,
SVZ4,F,B,20240930185801777,1951778201822822437,1,31.20000,5,,
SVH5,F,B,20240930185801777,1951778201822822438,1,32.14000,1,,
SVH5,F,B,20240930185801777,1951778201822822439,1,32.19000,1,,
SVH5,F,S,20240930185801777,1951778201822822440,1,34.56000,1,,
SVZ4,F,S,20240930185801777,1951778201822822441,1,34.25000,1,,
SVZ4,F,S,20240930185801777,1951778201822822442,1,34.52000,1,,
SVZ4,F,S,20240930185801777,1951778201822822443,1,34.56000,1,,
SVZ4,F,S,20240930185801777,1951778201822822444,1,34.65000,1,,
SVH5,F,S,20240930185801777,1951778201822822445,1,34.70000,1,,
SVH5,F,S,20240930185801777,1951778201822822446,1,34.56000,1,,
SVH5,F,S,20240930185801777,1951778201822822447,1,34.65000,1,,
SVM5,F,S,20240930185801777,1951778201822822448,1,35.70000,1,,
SVZ4,F,S,20240930185801777,1951778201822822449,1,33.69000,1,,
SVZ4,F,S,20240930185801777,1951778201822822450,1,33.25000,1,,
SVZ4,F,S,20240930185801777,1951778201822822451,1,33.50000,1,,
SVZ4,F,S,20240930185801777,1951778201822822452,1,34.50000,1,,
SVZ4,F,B,20240930185801787,1951778201822822453,1,31.25000,5,,
SVZ4,F,S,20240930185801787,1951778201822822454,1,33.80000,1,,
SVH5,F,S,20240930185801787,1951778201822822455,1,34.74000,8,,
SVZ4,F,S,20240930185801787,1951778201822822456,1,33.21000,1,,
SVZ4,F,B,20240930185801787,1951778201822822457,1,31.57000,50,,
SVZ4,F,S,20240930185801787,1951778201822822458,1,33.54000,1,,
SVZ4,F,S,20240930185801787,1951778201822822459,1,33.96000,4,,
SVZ4,F,S,20240930185801787,1951778201822822460,1,33.98000,15,,
SVZ4,F,S,20240930185801787,1951778201822822461,1,34.78000,15,,
SVZ4,F,S,20240930185801787,1951778201822822462,1,33.00000,1,,
SVZ4,F,S,20240930185801797,1951778201822822463,1,32.75000,1,,
SVZ4,F,S,20240930185801797,1951778201822822464,1,33.12000,1,,
SVZ4,F,S,20240930185801797,1951778201822822465,1,34.44000,1,,
SVZ4,F,B,20240930185801797,1951778201822822466,1,31.56000,1,,
SVU5,F,B,20240930185801807,1951778201822822467,1,32.77000,1,,
SVU5,F,B,20240930185801807,1951778201822822468,1,33.06000,1,,
SVZ4,F,B,20240930185801807,1951778201822822469,1,31.62000,20,,
SVZ4,F,S,20240930185801807,1951778201822822470,1,32.55000,1,,
SVZ4,F,S,20240930185801807,1951778201822822471,1,33.21000,1,,
SVZ4,F,S,20240930185801807,1951778201822822472,1,32.91000,1,,
SVZ4,F,B,20240930185801807,1951778201822822473,1,30.60000,1,,
SVZ4,F,B,20240930185801807,1951778201822822474,1,31.11000,1,,
SVZ4,F,B,20240930185801807,1951778201822822475,1,30.95000,1,,
SVZ4,F,B,20240930185801807,1951778201822822476,1,30.75000,1,,
SVZ4,F,S,20240930185801817,1951778201822822477,1,32.50000,1,,
SVZ4,F,S,20240930185801820,1951778201822822478,1,32.20000,5,,
SVZ4,F,B,20240930185801820,1951778201822822479,1,31.80000,5,,
SiH5,F,S,20240930185801827,1892949931690295415,1,103955.00000,1,,
SiM5,F,B,20240930185801827,1892949931690295416,1,87191.00000,1,,
SiZ4,F,B,20240930185801827,1892949931690295417,1,82366.00000,3,,
SiM5,F,S,20240930185801827,1892949931690295418,1,101872.00000,1,,
SiZ4,F,B,20240930185801827,1892949931690295419,1,82675.00000,4,,
SiZ4,F,B,20240930185801827,1892949931690295420,1,82689.00000,2,,
SiZ4,F,B,20240930185801827,1892949931690295421,1,82786.00000,1,,
SVZ4,F,S,20240930185801827,1951778201822822480,1,33.15000,5,,
SVZ4,F,S,20240930185801827,1951778201822822481,1,32.90000,5,,
SVZ4,F,B,20240930185801827,1951778201822822482,1,31.91000,3,,
VBZ4,F,B,20240930185801837,1952341151776243713,1,8843.00000,1,,
VBZ4,F,B,20240930185801837,1952341151776243714,1,8940.00000,1,,
VBZ4,F,B,20240930185801837,1952341151776243715,1,8641.00000,1,,
VBZ4,F,S,20240930185801837,1952341151776243716,1,10500.00000,5,,
VBH5,F,B,20240930185801837,1952341151776243717,1,9500.00000,5,,
VBZ4,F,S,20240930185801840,1952341151776243718,1,10284.00000,1,,
VBH5,F,B,20240930185801840,1952341151776243719,1,9001.00000,1,,
VBZ4,F,S,20240930185801840,1952341151776243720,1,10300.00000,2,,
VBZ4,F,S,20240930185801840,1952341151776243721,1,10300.00000,2,,
VBZ4,F,S,20240930185801840,1952341151776243722,1,10000.00000,5,,
VBZ4,F,S,20240930185801840,1952341151776243723,1,9981.00000,1,,
VBZ4,F,S,20240930185801840,1952341151776243724,1,9591.00000,1,,
VBZ4,F,B,20240930185801850,1952341151776243725,1,9300.00000,2,,
VBZ4,F,S,20240930185801850,1952341151776243726,1,9759.00000,1,,
VBZ4,F,S,20240930185801850,1952341151776243727,1,10318.00000,1,,
VBZ4,F,S,20240930185801857,1952341151776243728,1,9500.00000,2,,
VBZ4,F,S,20240930185801857,1952341151776243729,1,9500.00000,2,,
SRH5,F,B,20240930185801860,1953467051683086337,1,26958.00000,1,,
SRZ4,F,B,20240930185801860,1953467051683086338,1,24812.00000,3,,
SRZ4,F,B,20240930185801860,1953467051683086339,1,25516.00000,4,,
SRZ4,F,B,20240930185801860,1953467051683086340,1,24741.00000,4,,
SRZ4,F,B,20240930185801860,1953467051683086341,1,25526.00000,8,,
SRH5,F,B,20240930185801860,1953467051683086342,1,26515.00000,1,,
SRZ4,F,S,20240930185801860,1953467051683086343,1,29010.00000,1,,
SRZ4,F,S,20240930185801860,1953467051683086344,1,29605.00000,1,,
SRZ4,F,S,20240930185801860,1953467051683086345,1,30060.00000,1,,
SRM5,F,S,20240930185801860,1953467051683086346,1,30750.00000,1,,
SRM5,F,S,20240930185801860,1953467051683086347,1,31000.00000,1,,
SRM5,F,S,20240930185801860,1953467051683086348,1,31250.00000,1,,
SRZ4,F,S,20240930185801860,1953467051683086349,1,28700.00000,5,,
SRZ4,F,S,20240930185801860,1953467051683086350,1,29200.00000,5,,
SRZ4,F,S,20240930185801860,1953467051683086351,1,29700.00000,5,,
SRZ4,F,S,20240930185801860,1953467051683086352,1,30200.00000,5,,
SRH5,F,B,20240930185801860,1953467051683086353,1,28000.00000,5,,
SRZ4,F,S,20240930185801860,1953467051683086354,1,29495.00000,30,,
SRZ4,F,S,20240930185801860,1953467051683086355,1,29499.00000,2,,
SRZ4,F,S,20240930185801860,1953467051683086358,1,28662.00000,1,,
SRZ4,F,B,20240930185801860,1953467051683086359,1,26057.00000,1,,
SRH5,F,S,20240930185801860,1953467051683086360,1,31100.00000,1,,
SRZ4,F,S,20240930185801860,1953467051683086361,1,29500.00000,10,,
SRZ4,F,S,20240930185801860,1953467051683086362,1,29700.00000,2,,
SRH5,F,S,20240930185801860,1953467051683086363,1,29850.00000,1,,
SRH5,F,S,20240930185801860,1953467051683086364,1,30100.00000,1,,
SRH5,F,S,20240930185801860,1953467051683086365,1,30350.00000,1,,
SRH5,F,S,20240930185801860,1953467051683086366,1,30600.00000,1,,
SRH5,F,S,20240930185801860,1953467051683086367,1,30850.00000,1,,
SRH5,F,S,20240930185801860,1953467051683086368,1,30500.00000,3,,
SRZ4,F,B,20240930185801860,1953467051683086369,1,27327.00000,1,,
SRZ4,F,B,20240930185801880,1953467051683086385,1,27597.00000,2,,
SRZ4,F,S,20240930185801880,1953467051683086386,1,29300.00000,10,,
SRH5,F,S,20240930185801890,1953467051683086387,1,29750.00000,1,,
SRH5,F,S,20240930185801890,1953467051683086388,1,30000.00000,1,,
SRH5,F,S,20240930185801890,1953467051683086389,1,30250.00000,1,,
SRH5,F,B,20240930185801900,1953467051683086390,1,29100.00000,1,,
SRH5,F,B,20240930185801900,1953467051683086391,1,28600.00000,1,,
SRH5,F,B,20240930185801900,1953467051683086392,1,28100.00000,1,,
SRH5,F,B,20240930185801900,1953467051683086393,1,27600.00000,1,,
SRH5,F,B,20240930185801900,1953467051683086394,1,27100.00000,1,,
SRZ4,F,S,20240930185801900,1953467051683086395,1,28863.00000,10,,
SRZ4,F,B,20240930185801900,1953467051683086396,1,27000.00000,1,,
SRZ4,F,B,20240930185801910,1953467051683086397,1,27801.00000,1,,
SRZ4,F,B,20240930185801910,1953467051683086398,1,27654.00000,1,,
SRZ4,F,S,20240930185801913,1953467051683086399,1,28776.00000,37,,
SRZ4,F,B,20240930185801920,1953467051683086400,1,27980.00000,1,,
SRZ4,F,S,20240930185801923,1953467051683086401,1,28355.00000,3,,
SRZ4,F,S,20240930185801923,1953467051683086402,1,28361.00000,3,,
SRZ4,F,S,20240930185801923,1953467051683086403,1,28367.00000,3,,
SRZ4,F,S,20240930185801923,1953467051683086404,1,28373.00000,3,,
SRZ4,F,S,20240930185801923,1953467051683086405,1,28379.00000,3,,
SRZ4,F,S,20240930185801923,1953467051683086406,1,28385.00000,3,,
SRZ4,F,S,20240930185801923,1953467051683086407,1,28391.00000,3,,
SRZ4,F,S,20240930185801923,1953467051683086408,1,28397.00000,3,,
SRZ4,F,S,20240930185801923,1953467051683086409,1,28403.00000,3,,
SRZ4,F,S,20240930185801923,1953467051683086410,1,28409.00000,3,,
SRZ4,F,S,20240930185801923,1953467051683086411,1,28415.00000,3,,
SRZ4,F,S,20240930185801923,1953467051683086412,1,28421.00000,3,,
SRZ4,F,S,20240930185801923,1953467051683086413,1,28427.00000,3,,
SRZ4,F,S,20240930185801923,1953467051683086414,1,28501.00000,1,,
SRZ4,F,S,20240930185801923,1953467051683086415,1,28400.00000,3,,
SRZ4,F,S,20240930185801923,1953467051683086416,1,28379.00000,1,,
SRZ4,F,S,20240930185801923,1953467051683086417,1,28433.00000,3,,
SRZ4,F,B,20240930185801923,1953467051683086418,1,28134.00000,1,,
SRZ4,F,B,20240930185801923,1953467051683086419,1,27726.00000,1,,
SRZ4,F,S,20240930185801923,1953467051683086420,1,28438.00000,3,,
SRZ4,F,S,20240930185801923,1953467051683086421,1,28443.00000,3,,
SRZ4,F,S,20240930185801923,1953467051683086422,1,28448.00000,3,,
SiM5,F,S,20240930185801957,1892949931690295422,1,104888.00000,2,,
SiM5,F,S,20240930185801957,1892949931690295423,1,102878.00000,1,,
SiH5,F,S,20240930185801957,1892949931690295424,1,96548.00000,2,,
SiM5,F,S,20240930185801957,1892949931690295425,1,99488.00000,1,,
SiZ4,F,S,20240930185801957,1892949931690295426,1,95488.00000,1,,
SiM5,F,S,20240930185801957,1892949931690295427,1,99448.00000,2,,
SiH5,F,S,20240930185801957,1892949931690295428,1,95888.00000,1,,
SiH5,F,S,20240930185801957,1892949931690295429,1,94888.00000,1,,
SiZ4,F,B,20240930185801957,1892949931690295430,1,91011.00000,1,,
SiZ4,F,B,20240930185801957,1892949931690295431,1,90031.00000,1,,
SiZ4,F,B,20240930185801957,1892949931690295432,1,91000.00000,2,,
SiZ4,F,B,20240930185801957,1892949931690295433,1,91000.00000,5,,
SiZ4,F,B,20240930185801957,1892949931690295434,1,91215.00000,1,,
SiZ4,F,S,20240930185801957,1892949931690295436,1,93435.00000,1,,
SiZ4,F,B,20240930185801957,1892949931690295437,1,92250.00000,3,,
SiH5,F,B,20240930185801957,1892949931690295438,1,92620.00000,1,,
SiZ4,F,B,20240930185801957,1892949931690295509,1,91452.00000,1,,
SiZ4,F,B,20240930185801957,1892949931690295510,1,90462.00000,1,,
SiZ4,F,B,20240930185801957,1892949931690295511,1,90215.00000,1,,
SiZ4,F,B,20240930185801957,1892949931690295514,1,85002.00000,350,,
SiZ5,F,S,20240930185801957,1892949931690295515,1,98987.00000,1,,
SiU6,F,B,20240930185801957,1892949931690295516,1,101322.00000,1,,
SiU5,F,B,20240930185801957,1892949931690295517,1,95430.00000,1,,
SiU5,F,S,20240930185801957,1892949931690295518,1,96631.00000,1,,
SiH6,F,B,20240930185801957,1892949931690295519,1,99418.00000,1,,
SiM5,F,B,20240930185801957,1892949931690295520,1,93501.00000,1,,
SiM5,F,S,20240930185801957,1892949931690295521,1,94989.00000,1,,
SiM6,F,B,20240930185801957,1892949931690295522,1,99828.00000,1,,
SiZ5,F,B,20240930185801957,1892949931690295526,1,97902.00000,1,,
SiU5,F,B,20240930185801957,1892949931690295527,1,95411.00000,1,,
SiU5,F,B,20240930185801957,1892949931690295528,1,95218.00000,1,,
SiZ4,F,B,20240930185801957,1892949931690295529,1,92055.00000,1,,
SiH6,F,B,20240930185801957,1892949931690295530,1,99001.00000,1,,
SiZ4,F,B,20240930185801957,1892949931690295531,1,92435.00000,15,,
SiU5,F,S,20240930185801957,1892949931690295532,1,96382.00000,1,,
SiM6,F,B,20240930185801957,1892949931690295535,1,101434.00000,1,,
SiU6,F,S,20240930185801957,1892949931690295536,1,105495.00000,1,,
SiZ4,F,S,20240930185801957,1892949931690295537,1,93700.00000,10,,
SiU5,F,B,20240930185801957,1892949931690295538,1,95327.00000,1,,
SiZ4,F,B,20240930185801957,1892949931690295539,1,92651.00000,3,,
SiH6,F,S,20240930185801957,1892949931690295540,1,101411.00000,1,,
SiZ4,F,B,20240930185801957,1892949931690295541,1,92695.00000,1,,
SiZ5,F,S,20240930185801957,1892949931690295542,1,98827.00000,1,,
SiZ5,F,B,20240930185801957,1892949931690295543,1,97903.00000,1,,
SiZ4,F,B,20240930185801957,1892949931690295544,1,92631.00000,1,,
SiZ5,F,S,20240930185801957,1892949931690295546,1,98499.00000,1,,
SiM6,F,S,20240930185801957,1892949931690295547,1,102336.00000,1,,
SiH6,F,S,20240930185801957,1892949931690295548,1,100602.00000,1,,
SiM6,F,S,20240930185801957,1892949931690295549,1,104631.00000,1,,
SiZ4,F,B,20240930185801957,1892949931690295550,1,92653.00000,1,,
SiH6,F,B,20240930185801957,1892949931690295551,1,100026.00000,1,,
SiH6,F,B,20240930185801957,1892949931690295552,1,99813.00000,1,,
SiH6,F,B,20240930185801957,1892949931690295553,1,99419.00000,1,,
SiH6,F,S,20240930185801957,1892949931690295556,1,100478.00000,1,,
GZZ4,F,B,20240930185801957,1896046156434112612,1,12825.00000,1,,
GZZ4,F,B,20240930185801957,1896046156434112613,1,14201.00000,1,,
GZH5,F,B,20240930185801957,1896046156434112660,1,13395.00000,1,,
GZZ4,F,B,20240930185801960,1896046156434112719,1,13410.00000,3,,
GZZ4,F,S,20240930185801960,1896046156434112720,1,15013.00000,1,,
GZZ4,F,B,20240930185801960,1896046156434112721,1,14300.00000,1,,
GZH6,F,S,20240930185801960,1896046156434112722,1,17908.00000,1,,
GZU5,F,B,20240930185801960,1896046156434112723,1,15828.00000,1,,
SNZ4,F,S,20240930185801960,1916875304710701057,1,26200.00000,1,,
LKZ4,F,S,20240930185801960,1918845629547675656,1,72400.00000,2,,
LKZ4,F,S,20240930185801960,1918845629547675657,1,73400.00000,1,,
LKZ4,F,S,20240930185801960,1918845629547675658,1,74400.00000,1,,
LKZ4,F,S,20240930185801960,1918845629547675659,1,72400.00000,2,,
LKZ4,F,S,20240930185801960,1918845629547675660,1,73400.00000,1,,
LKZ4,F,S,20240930185801960,1918845629547675661,1,74400.00000,1,,
LKZ4,F,S,20240930185801960,1918845629547675662,1,73300.00000,2,,
LKZ4,F,S,20240930185801960,1918845629547675663,1,72400.00000,3,,
LKZ4,F,S,20240930185801960,1918845629547675664,1,73400.00000,3,,
RIZ4,F,S,20240930185801960,1925038079035310135,1,118000.00000,2,,
RIZ4,F,B,20240930185801960,1925038079035310136,1,92000.00000,7,,
RIZ4,F,B,20240930185801960,1925038079035310137,1,96700.00000,10,,
RIZ4,F,B,20240930185801960,1925038079035310138,1,98960.00000,9,,
RIH5,F,S,20240930185801960,1925038079035310139,1,105700.00000,1,,
RIZ4,F,B,20240930185801960,1925038079035310140,1,99550.00000,10,,
RIZ4,F,B,20240930185801960,1925038079035310141,1,95000.00000,50,,
RIZ4,F,S,20240930185801960,1925038079035310302,1,104690.00000,1,,
RIZ4,F,S,20240930185801963,1925038079035310539,1,102000.00000,1,,
RIZ4,F,S,20240930185801963,1925038079035310540,1,103600.00000,4,,
RIZ4,F,B,20240930185801963,1925038079035310545,1,99800.00000,1,,
RIZ4,F,S,20240930185801963,1925038079035310546,1,100850.00000,1,,
RIZ4,F,B,20240930185801963,1925038079035310547,1,99510.00000,1,,
GDZ4,F,S,20240930185801963,1936578553080447029,1,2727.70000,1,,
GDZ4,F,B,20240930185801963,1936578553080447030,1,2580.00000,1,,
GDZ4,F,B,20240930185801963,1936578553080447031,1,2640.00000,30,,
GDZ4,F,S,20240930185801963,1936578553080447032,1,2750.00000,1,,
GDZ4,F,S,20240930185801963,1936578553080447033,1,2800.00000,2,,
GDZ4,F,B,20240930185801963,1936578553080447034,1,2660.00000,26,,
GDZ4,F,S,20240930185801963,1936578553080447035,1,2784.90000,56,,
GDZ4,F,B,20240930185801963,1936578553080447036,1,2603.00000,1,,
GDZ4,F,B,20240930185801963,1936578553080447037,1,2583.30000,1,,
GDZ4,F,S,20240930185801963,1936578553080447078,1,2728.00000,1,,
GDZ4,F,B,20240930185801967,1936578553080447079,1,2692.00000,2,,
GDZ4,F,B,20240930185801967,1936578553080447080,1,2689.70000,2,,
GDZ4,F,B,20240930185801967,1936578553080447081,1,2687.40000,4,,
GDZ4,F,B,20240930185801967,1936578553080447082,1,2685.00000,8,,
GDZ4,F,S,20240930185801967,1936578553080447083,1,2736.70000,1,,
GDZ4,F,S,20240930185801967,1936578553080447084,1,2746.20000,1,,
GDZ4,F,S,20240930185801967,1936578553080447085,1,2730.40000,1,,
GDZ4,F,S,20240930185801967,1936578553080447086,1,2723.20000,1,,
GDZ4,F,S,20240930185801967,1936578553080447087,1,2715.70000,1,,
GDZ4,F,B,20240930185801967,1936578553080447088,1,2656.00000,2,,
GDZ4,F,S,20240930185801967,1936578553080447089,1,2759.10000,244,,
NKZ4,F,B,20240930185801967,1948119027125583887,1,101112.00000,1,,
NKZ4,F,S,20240930185801967,1948119027125583902,1,105700.00000,5,,
SVZ4,F,B,20240930185801967,1951778201822822483,1,29.00000,4,,
SVZ4,F,B,20240930185801967,1951778201822822484,1,30.62000,150,,
SVZ4,F,B,20240930185801967,1951778201822822485,1,31.20000,1,,
SVZ4,F,B,20240930185801967,1951778201822822486,1,31.24000,1,,
SVZ4,F,B,20240930185801967,1951778201822822487,1,30.80000,2,,
SVZ4,F,B,20240930185801967,1951778201822822488,1,31.80000,55,,
SVZ4,F,S,20240930185801967,1951778201822822491,1,33.50000,1,,
SVZ4,F,S,20240930185801967,1951778201822822492,1,33.45000,1,,
SVZ4,F,S,20240930185801967,1951778201822822493,1,33.40000,1,,
SVZ4,F,S,20240930185801967,1951778201822822494,1,33.20000,1,,
SVZ4,F,S,20240930185801967,1951778201822822495,1,33.25000,1,,
SVZ4,F,S,20240930185801967,1951778201822822496,1,33.30000,1,,
SVZ4,F,S,20240930185801967,1951778201822822497,1,33.35000,1,,
SVZ4,F,S,20240930185801967,1951778201822822498,1,33.10000,1,,
SVZ4,F,S,20240930185801967,1951778201822822499,1,33.15000,1,,
SVZ4,F,B,20240930185801967,1951778201822822504,1,30.74000,3,,
SVZ4,F,B,20240930185801967,1951778201822822509,1,30.60000,50,,
SVZ4,F,S,20240930185801967,1951778201822822513,1,32.90000,1,,
SVZ4,F,S,20240930185801967,1951778201822822514,1,32.95000,1,,
SVZ4,F,S,20240930185801967,1951778201822822515,1,33.00000,1,,
SVZ4,F,S,20240930185801967,1951778201822822516,1,33.05000,1,,
SVZ4,F,B,20240930185801967,1951778201822822518,1,31.85000,3,,
SVZ4,F,B,20240930185801967,1951778201822822519,1,31.03000,250,,
SVZ4,F,B,20240930185801967,1951778201822822521,1,31.70000,1,,
SVZ4,F,S,20240930185801967,1951778201822822522,1,33.34000,200,,
SVZ4,F,B,20240930185801967,1951778201822822523,1,30.11000,1400,,
SVZ4,F,B,20240930185801967,1951778201822822524,1,30.18000,200,,
SVZ4,F,B,20240930185801967,1951778201822822525,1,31.90000,1,,
SVZ4,F,B,20240930185801967,1951778201822822526,1,31.91000,4,,
VBZ4,F,S,20240930185801967,1952341151776243732,1,9985.00000,1,,
VBZ4,F,B,20240930185801967,1952341151776243733,1,9221.00000,1,,
SRZ4,F,B,20240930185801967,1953467051683086423,1,26132.00000,4,,
SRZ4,F,B,20240930185801967,1953467051683086424,1,26132.00000,4,,
SRZ4,F,B,20240930185801967,1953467051683086425,1,26132.00000,10,,
SRZ4,F,B,20240930185801967,1953467051683086426,1,26123.00000,14,,
SRZ4,F,B,20240930185801967,1953467051683086427,1,26132.00000,5,,
SRZ4,F,B,20240930185801967,1953467051683086428,1,26132.00000,10,,
SRZ4,F,B,20240930185801967,1953467051683086429,1,26132.00000,7,,
SRZ4,F,B,20240930185801967,1953467051683086430,1,26132.00000,5,,
SRZ4,F,B,20240930185801967,1953467051683086431,1,26132.00000,5,,
SRZ4,F,S,20240930185801967,1953467051683086432,1,29200.00000,1,,
SRZ4,F,B,20240930185801967,1953467051683086435,1,27476.00000,1,,
SRZ4,F,B,20240930185801967,1953467051683086436,1,26005.00000,1,,
SRZ4,F,B,20240930185801967,1953467051683086437,1,26435.00000,1,,
SRZ4,F,B,20240930185801967,1953467051683086438,1,27588.00000,1,,
SRZ4,F,S,20240930185801967,1953467051683086439,1,28400.00000,13,,
SRZ4,F,B,20240930185801967,1953467051683086440,1,28000.00000,20,,
SRZ4,F,B,20240930185801967,1953467051683086443,1,28167.00000,5,,
SRZ4,F,B,20240930185801967,1953467051683086444,1,28195.00000,15,,
SRZ4,F,B,20240930185801967,1953467051683086445,1,28202.00000,20,,
SRZ4,F,B,20240930185801967,1953467051683086446,1,28210.00000,10,,
SRZ4,F,B,20240930185801967,1953467051683086447,1,28210.00000,10,,
SRZ4,F,B,20240930185801967,1953467051683086448,1,28177.00000,8,,
SRZ4,F,S,20240930185801970,1953467051683086449,1,28452.00000,3,,
SRZ4,F,S,20240930185801970,1953467051683086450,1,28466.00000,3,,
SRZ4,F,S,20240930185801970,1953467051683086451,1,28475.00000,3,,
SRZ4,F,S,20240930185801970,1953467051683086452,1,28470.00000,1,,
SRZ4,F,B,20240930185801970,1953467051683086453,1,28189.00000,1,,
SRZ4,F,S,20240930185801970,1953467051683086454,1,28333.00000,1,,
SPZ4,F,B,20240930185801973,1955437376520060929,1,26432.00000,1,,
SPZ4,F,B,20240930185801973,1955437376520060930,1,27013.00000,1,,
SPZ4,F,B,20240930185801973,1955437376520060931,1,27438.00000,1,,
SPZ4,F,S,20240930185801973,1955437376520060932,1,30525.00000,1,,
SPZ4,F,S,20240930185801973,1955437376520060933,1,28555.00000,1,,
SPZ4,F,S,20240930185801973,1955437376520060934,1,28823.00000,1,,
SPZ4,F,B,20240930185801973,1955437376520060935,1,27522.00000,10,,
SPZ4,F,S,20240930185801973,1955437376520060936,1,28650.00000,1,,
HYH5,F,B,20240930185801980,1957689176333746177,1,5650.00000,9,,
HYZ4,F,B,20240930185801983,1957689176333746178,1,5531.00000,1,,
HYZ4,F,S,20240930185801983,1957689176333746179,1,5900.00000,20,,
HYZ4,F,S,20240930185801983,1957689176333746180,1,6000.00000,10,,
HYZ4,F,S,20240930185801983,1957689176333746181,1,6100.00000,10,,
HYH5,F,B,20240930185801983,1957689176333746182,1,5700.00000,10,,
HYZ4,F,B,20240930185801983,1957689176333746183,1,5500.00000,2,,
TTH5,F,S,20240930185801983,1959378026194010113,1,66000.00000,1,,
TTZ4,F,B,20240930185801983,1959378026194010114,1,62000.00000,1,,
TTZ4,F,S,20240930185801983,1959378026194010115,1,63823.00000,7,,
BRV4,F,S,20240930185801990,1960785401077563393,1,78.95000,1,,
BRV4,F,S,20240930185801990,1960785401077563394,1,79.95000,1,,
BRV4,F,S,20240930185801990,1960785401077563395,1,80.48000,1,,
BRV4,F,S,20240930185801990,1960785401077563396,1,81.00000,1,,
BRV4,F,S,20240930185801990,1960785401077563397,1,81.95000,1,,
BRV4,F,S,20240930185801990,1960785401077563398,1,76.65000,1,,
BRV4,F,S,20240930185801990,1960785401077563399,1,76.65000,1,,
BRV4,F,S,20240930185801990,1960785401077563400,1,76.11000,1,,
BRX4,F,S,20240930185801990,1960785401077563401,1,80.50000,1,,
BRX4,F,S,20240930185801990,1960785401077563402,1,79.50000,1,,
BRX4,F,S,20240930185801990,1960785401077563403,1,81.50000,1,,
BRX4,F,S,20240930185801990,1960785401077563404,1,76.44000,1,,
BRV4,F,S,20240930185801993,1960785401077563405,1,75.93000,10,,
BRV4,F,S,20240930185801993,1960785401077563407,1,74.10000,6,,
BRV4,F,S,20240930185801993,1960785401077563408,1,74.60000,3,,
BRX4,F,S,20240930185801993,1960785401077563409,1,74.36000,1,,
BRX4,F,S,20240930185801993,1960785401077563410,1,73.56000,2,,
BRV4,F,S,20240930185802003,1960785401077563411,1,74.41000,1,,
BRX4,F,S,20240930185802007,1960785401077563424,1,73.27000,1,,
BRX4,F,S,20240930185802007,1960785401077563425,1,73.07000,1,,
BRX4,F,S,20240930185802007,1960785401077563426,1,73.17000,1,,
BRX4,F,B,20240930185802017,1960785401077563428,1,70.20000,4,,
BRX4,F,B,20240930185802017,1960785401077563429,1,69.88000,1,,
BRX4,F,B,20240930185802017,1960785401077563430,1,70.71000,1,,
BRV4,F,S,20240930185802017,1960785401077563431,1,73.15000,5,,
BRX4,F,S,20240930185802017,1960785401077563432,1,74.11000,1,,
BRX4,F,S,20240930185802017,1960785401077563433,1,74.52000,1,,
BRZ4,F,B,20240930185802017,1960785401077563434,1,70.00000,1,,
BRV4,F,S,20240930185802017,1960785401077563436,1,73.61000,10,,
BRV4,F,S,20240930185802017,1960785401077563437,1,73.18000,6,,
BRV4,F,B,20240930185802017,1960785401077563439,1,69.25000,2,,
BRZ4,F,B,20240930185802017,1960785401077563440,1,70.07000,1,,
BRV4,F,B,20240930185802017,1960785401077563441,1,67.79000,10,,
BRU5,F,S,20240930185802020,1960785401077563442,1,82.39000,3,,
BRU5,F,S,20240930185802020,1960785401077563443,1,82.39000,7,,
BRU5,F,S,20240930185802020,1960785401077563444,1,82.38000,1,,
BRX4,F,S,20240930185802020,1960785401077563445,1,73.20000,1,,
BRZ4,F,B,20240930185802020,1960785401077563446,1,68.50000,1,,
BRX4,F,B,20240930185802020,1960785401077563447,1,70.50000,1,,
BRX4,F,S,20240930185802020,1960785401077563448,1,73.57000,2,,
BRV4,F,B,20240930185802020,1960785401077563449,1,70.78000,2,,
BRX4,F,S,20240930185802020,1960785401077563450,1,73.10000,7,,
BRU5,F,S,20240930185802020,1960785401077563451,1,80.90000,1,,
BRX4,F,B,20240930185802030,1960785401077563452,1,68.50000,1,,
BRV5,F,S,20240930185802030,1960785401077563453,1,82.38000,1,,
BRV5,F,B,20240930185802030,1960785401077563454,1,69.99000,1,,
BRV5,F,B,20240930185802030,1960785401077563455,1,70.44000,1,,
BRV5,F,B,20240930185802030,1960785401077563456,1,71.27000,1,,
BRV5,F,B,20240930185802030,1960785401077563457,1,71.52000,1,,
BRV5,F,B,20240930185802030,1960785401077563458,1,71.88000,1,,
BRV5,F,B,20240930185802030,1960785401077563459,1,72.37000,1,,
BRV5,F,S,20240930185802030,1960785401077563460,1,82.60000,1,,
BRV5,F,S,20240930185802030,1960785401077563461,1,82.96000,1,,
BRV5,F,S,20240930185802030,1960785401077563462,1,82.18000,1,,
BRV5,F,S,20240930185802030,1960785401077563463,1,82.43000,1,,
BRV5,F,S,20240930185802030,1960785401077563464,1,81.56000,1,,
BRV5,F,S,20240930185802030,1960785401077563465,1,83.00000,1,,
BRV5,F,S,20240930185802030,1960785401077563466,1,82.57000,1,,
BRV5,F,S,20240930185802030,1960785401077563467,1,82.16000,1,,
BRV5,F,S,20240930185802030,1960785401077563468,1,81.96000,1,,
BRV5,F,S,20240930185802030,1960785401077563469,1,81.71000,1,,
BRV5,F,S,20240930185802030,1960785401077563470,1,80.98000,1,,
BRV5,F,S,20240930185802030,1960785401077563471,1,80.76000,1,,
BRV5,F,S,20240930185802030,1960785401077563472,1,80.49000,1,,
BRV5,F,S,20240930185802030,1960785401077563473,1,80.30000,1,,
BRV5,F,S,20240930185802030,1960785401077563474,1,80.07000,1,,
BRV5,F,B,20240930185802030,1960785401077563475,1,72.55000,1,,
BRV5,F,B,20240930185802030,1960785401077563476,1,72.11000,1,,
BRV5,F,B,20240930185802030,1960785401077563477,1,70.80000,1,,
BRV5,F,B,20240930185802030,1960785401077563478,1,71.08000,1,,
BRV5,F,B,20240930185802030,1960785401077563479,1,70.01000,1,,
BRV5,F,B,20240930185802030,1960785401077563480,1,70.46000,1,,
BRV5,F,B,20240930185802030,1960785401077563481,1,70.96000,1,,
BRV5,F,B,20240930185802030,1960785401077563482,1,71.55000,1,,
BRV5,F,B,20240930185802030,1960785401077563483,1,72.13000,1,,
BRV5,F,B,20240930185802030,1960785401077563484,1,70.69000,1,,
BRV5,F,B,20240930185802030,1960785401077563485,1,72.54000,1,,
BRU5,F,S,20240930185802030,1960785401077563486,1,80.68000,1,,
BRU5,F,S,20240930185802030,1960785401077563487,1,80.36000,1,,
BRU5,F,S,20240930185802030,1960785401077563488,1,82.21000,1,,
BRU5,F,S,20240930185802030,1960785401077563489,1,81.93000,1,,
BRU5,F,S,20240930185802030,1960785401077563490,1,81.75000,1,,
BRU5,F,S,20240930185802030,1960785401077563491,1,81.55000,1,,
BRX4,F,S,20240930185802030,1960785401077563496,1,73.07000,1,,
BRV4,F,S,20240930185802040,1960785401077563497,1,75.39000,1,,
BRZ4,F,B,20240930185802040,1960785401077563499,1,71.40000,1,,
BRX4,F,S,20240930185802040,1960785401077563500,1,72.92000,1,,
BRV4,F,S,20240930185802040,1960785401077563501,1,72.50000,3,,
BRV4,F,S,20240930185802040,1960785401077563502,1,73.05000,17,,
BRX4,F,S,20240930185802040,1960785401077563503,1,74.22000,1,,
BRX4,F,S,20240930185802040,1960785401077563504,1,74.49000,1,,
BRF5,F,B,20240930185802040,1960785401077563505,1,71.23000,1,,
BRX4,F,B,20240930185802040,1960785401077563506,1,70.50000,1,,
BRX4,F,S,20240930185802040,1960785401077563507,1,72.87000,1,,
BRX4,F,S,20240930185802050,1960785401077563508,1,72.98000,1,,
BRX4,F,S,20240930185802050,1960785401077563509,1,75.54000,1,,
BRV4,F,B,20240930185802050,1960785401077563510,1,70.85000,5,,
BRX4,F,B,20240930185802050,1960785401077563511,1,70.93000,1,,
BRX4,F,S,20240930185802050,1960785401077563512,1,73.92000,12,,
BRX4,F,S,20240930185802050,1960785401077563513,1,72.93000,1,,
BRX4,F,B,20240930185802050,1960785401077563514,1,71.00000,10,,
SiH5,F,B,20240930185802060,1892949931690295570,1,78100.00000,1,,
BRV4,F,B,20240930185802060,1960785401077563515,1,70.81000,1,,
BRX4,F,B,20240930185802060,1960785401077563516,1,71.02000,2,,
BRX4,F,B,20240930185802060,1960785401077563517,1,71.31000,2,,
BRV4,F,S,20240930185802060,1960785401077563518,1,72.88000,2,,
BRX4,F,S,20240930185802060,1960785401077563519,1,73.20000,2,,
BRX4,F,S,20240930185802060,1960785401077563520,1,73.25000,2,,
BRV4,F,S,20240930185802060,1960785401077563521,1,73.28000,2,,
BRX4,F,S,20240930185802060,1960785401077563522,1,73.58000,2,,
BRX4,F,S,20240930185802063,1960785401077563524,1,77.50000,85,,
BRX4,F,B,20240930185802063,1960785401077563525,1,72.01000,2,,
BRX4,F,S,20240930185802063,1960785401077563526,1,72.98000,1,,
BRX4,F,S,20240930185802063,1960785401077563527,1,72.89000,2,,
BRX4,F,B,20240930185802063,1960785401077563528,1,72.21000,2,,
BRZ4,F,B,20240930185802063,1960785401077563529,1,72.00000,1,,
BRZ4,F,S,20240930185802063,1960785401077563530,1,73.00000,1,,
BRX4,F,S,20240930185802063,1960785401077563531,1,76.00000,10,,
BRX4,F,S,20240930185802063,1960785401077563532,1,73.20000,1,,
BRV4,F,S,20240930185802063,1960785401077563533,1,72.48000,2,,
BRX4,F,S,20240930185802063,1960785401077563534,1,73.37000,1,,
BRX4,F,S,20240930185802063,1960785401077563535,1,73.47000,1,,
SiM5,F,B,20240930185802063,1892949931690295571,1,85967.00000,1,,
SiZ4,F,B,20240930185802063,1892949931690295572,1,88115.00000,1,,
SiZ4,F,B,20240930185802063,1892949931690295573,1,85472.00000,1,,
SiZ4,F,B,20240930185802063,1892949931690295574,1,89775.00000,1,,
SiZ4,F,B,20240930185802063,1892949931690295575,1,91140.00000,6,,
SiH5,F,B,20240930185802063,1892949931690295576,1,85933.00000,1,,
SiH5,F,B,20240930185802063,1892949931690295577,1,90085.00000,1,,
SiZ4,F,B,20240930185802063,1892949931690295578,1,91258.00000,1,,
SiM5,F,S,20240930185802063,1892949931690295580,1,102454.00000,1,,
SiU5,F,S,20240930185802063,1892949931690295581,1,104809.00000,1,,
SiU5,F,B,20240930185802063,1892949931690295582,1,89100.00000,1,,
SiZ4,F,S,20240930185802063,1892949931690295583,1,98749.00000,307,,
SiZ4,F,B,20240930185802063,1892949931690295584,1,89702.00000,10,,
SiZ4,F,B,20240930185802063,1892949931690295585,1,89843.00000,1,,
SiZ4,F,B,20240930185802063,1892949931690295586,1,90450.00000,10,,
SiZ4,F,B,20240930185802063,1892949931690295587,1,90660.00000,15,,
SiZ4,F,B,20240930185802063,1892949931690295588,1,90235.00000,10,,
SiZ4,F,S,20240930185802063,1892949931690295589,1,94699.00000,1,,
SiZ4,F,B,20240930185802063,1892949931690295592,1,87863.00000,2,,
SiZ4,F,B,20240930185802063,1892949931690295595,1,87900.00000,5,,
SiZ4,F,S,20240930185802063,1892949931690295602,1,95315.00000,1,,
SiZ4,F,S,20240930185802063,1892949931690295604,1,93400.00000,5,,
SiZ4,F,B,20240930185802063,1892949931690295605,1,90500.00000,700,,
SiZ4,F,S,20240930185802063,1892949931690295606,1,93696.00000,2,,
SiZ4,F,S,20240930185802063,1892949931690295611,1,94496.00000,1,,
SiZ4,F,B,20240930185802063,1892949931690295612,1,90926.00000,1,,
SiZ4,F,B,20240930185802063,1892949931690295617,1,91005.00000,3,,
SiZ4,F,B,20240930185802063,1892949931690295620,1,91400.00000,5,,
SiZ4,F,B,20240930185802063,1892949931690295621,1,91200.00000,5,,
SiZ4,F,B,20240930185802067,1892949931690295623,1,91200.00000,6,,
SiZ4,F,B,20240930185802067,1892949931690295625,1,91722.00000,2,,
SiZ4,F,B,20240930185802067,1892949931690295628,1,91200.00000,10,,
SiZ4,F,S,20240930185802067,1892949931690295629,1,93500.00000,1,,
SiZ4,F,B,20240930185802067,1892949931690295630,1,91500.00000,1,,
SiZ4,F,B,20240930185802067,1892949931690295635,1,92100.00000,2,,
SiZ4,F,B,20240930185802067,1892949931690295641,1,91612.00000,5,,
SiZ4,F,B,20240930185802067,1892949931690295642,1,91230.00000,10,,
SiZ4,F,B,20240930185802067,1892949931690295651,1,92425.00000,9,,
SiZ4,F,B,20240930185802067,1892949931690295653,1,91980.00000,5,,
SiZ4,F,B,20240930185802067,1892949931690295654,1,92200.00000,5,,
SiZ4,F,B,20240930185802067,1892949931690295706,1,91920.00000,1,,
SiZ4,F,B,20240930185802067,1892949931690295707,1,92300.00000,5,,
SiZ5,F,B,20240930185802067,1892949931690295709,1,95173.00000,10,,
SiZ5,F,B,20240930185802067,1892949931690295711,1,96480.00000,5,,
SiZ4,F,S,20240930185802067,1892949931690295712,1,96981.00000,1,,
SiM5,F,B,20240930185802067,1892949931690295713,1,92001.00000,10,,
SiZ4,F,S,20240930185802067,1892949931690295715,1,95000.00000,18,,
SiZ4,F,S,20240930185802067,1892949931690295718,1,93374.00000,5,,
SiZ5,F,B,20240930185802067,1892949931690295720,1,97390.00000,2,,
SiZ5,F,B,20240930185802067,1892949931690295721,1,97901.00000,2,,
SiH5,F,S,20240930185802067,1892949931690295722,1,93750.00000,1,,
SiH5,F,B,20240930185802067,1892949931690295724,1,92100.00000,2,,
SiZ4,F,B,20240930185802067,1892949931690295725,1,92500.00000,5,,
SiZ4,F,B,20240930185802067,1892949931690295726,1,92460.00000,100,,
SiZ4,F,S,20240930185802067,1892949931690295727,1,93111.00000,1,,
SiZ4,F,B,20240930185802067,1892949931690295728,1,92460.00000,1,,
SiU5,F,B,20240930185802067,1892949931690295732,1,93702.00000,3,,
SiU5,F,S,20240930185802067,1892949931690295733,1,100586.00000,2,,
SiZ4,F,B,20240930185802067,1892949931690295734,1,92500.00000,2,,
SiH5,F,S,20240930185802067,1892949931690295735,1,93410.00000,1,,
SiZ4,F,B,20240930185802067,1892949931690295736,1,91731.00000,1,,
SiH6,F,B,20240930185802067,1892949931690295737,1,96646.00000,2,,
SiZ4,F,S,20240930185802067,1892949931690295738,1,97700.00000,1,,
SiZ4,F,S,20240930185802067,1892949931690295739,1,93200.00000,14,,
SiZ4,F,S,20240930185802067,1892949931690295740,1,93200.00000,4,,
SiZ4,F,S,20240930185802067,1892949931690295742,1,93684.00000,5,,
SiZ5,F,S,20240930185802067,1892949931690295743,1,99638.00000,1,,
SiZ4,F,B,20240930185802067,1892949931690295746,1,92560.00000,2,,
SiZ4,F,S,20240930185802067,1892949931690295748,1,93572.00000,1,,
SiZ4,F,B,20240930185802067,1892949931690295749,1,91719.00000,1,,
SiZ4,F,B,20240930185802067,1892949931690295750,1,92426.00000,1,,
SiZ4,F,S,20240930185802067,1892949931690295751,1,94600.00000,20,,
SiH5,F,B,20240930185802067,1892949931690295752,1,92500.00000,1,,
SiZ4,F,B,20240930185802067,1892949931690295753,1,92501.00000,1,,
SiZ4,F,B,20240930185802067,1892949931690295757,1,92345.00000,10,,
SiZ4,F,S,20240930185802067,1892949931690295758,1,93800.00000,5,,
SiZ4,F,B,20240930185802067,1892949931690295760,1,92017.00000,5,,
SiZ4,F,B,20240930185802067,1892949931690295761,1,91312.00000,4,,
SiH5,F,B,20240930185802067,1892949931690295762,1,92012.00000,3,,
SiZ4,F,B,20240930185802067,1892949931690295763,1,92300.00000,1,,
SiZ4,F,B,20240930185802067,1892949931690295764,1,92450.00000,1,,
SiZ4,F,B,20240930185802067,1892949931690295765,1,92510.00000,1,,
SiZ4,F,B,20240930185802067,1892949931690295766,1,92401.00000,1,,
SiZ4,F,B,20240930185802067,1892949931690295767,1,92458.00000,10,,
SiZ4,F,B,20240930185802067,1892949931690295768,1,92350.00000,4,,
SiZ4,F,B,20240930185802067,1892949931690295769,1,92550.00000,1,,
SiZ4,F,B,20240930185802067,1892949931690295770,1,92301.00000,11,,
SiH5,F,B,20240930185802067,1892949931690295771,1,92401.00000,11,,
SiZ4,F,B,20240930185802067,1892949931690295772,1,92405.00000,5,,
SiZ4,F,B,20240930185802067,1892949931690295773,1,92200.00000,5,,
SiZ4,F,B,20240930185802067,1892949931690295774,1,92500.00000,1,,
SiH5,F,B,20240930185802067,1892949931690295775,1,92600.00000,1,,
SiZ4,F,B,20240930185802067,1892949931690295776,1,92557.00000,1,,
SiZ4,F,B,20240930185802067,1892949931690295777,1,92500.00000,2,,
SiH5,F,S,20240930185802067,1892949931690295779,1,93250.00000,1,,
SiZ4,F,S,20240930185802067,1892949931690295780,1,93267.00000,1,,
SiZ4,F,B,20240930185802067,1892949931690295781,1,92500.00000,1,,
SiZ4,F,B,20240930185802067,1892949931690295782,1,92580.00000,1,,
SiZ4,F,B,20240930185802067,1892949931690295783,1,92440.00000,1,,
SiZ4,F,S,20240930185802067,1892949931690295785,1,94202.00000,1,,
SiZ4,F,B,20240930185802067,1892949931690295787,1,92600.00000,3,,
SiZ4,F,B,20240930185802067,1892949931690295788,1,92609.00000,10,,
SiH5,F,S,20240930185802067,1892949931690295789,1,94995.00000,1,,
SiZ4,F,B,20240930185802067,1892949931690295790,1,92601.00000,2,,
SiZ5,F,S,20240930185802067,1892949931690295791,1,98741.00000,1,,
SiZ4,F,S,20240930185802067,1892949931690295793,1,94210.00000,9,,
SiZ4,F,B,20240930185802067,1892949931690295794,1,92520.00000,2,,
SiZ4,F,B,20240930185802067,1892949931690295795,1,92426.00000,6,,
SiZ4,F,B,20240930185802067,1892949931690295796,1,92571.00000,5,,
SiZ4,F,B,20240930185802067,1892949931690295797,1,92600.00000,1,,
SiZ4,F,B,20240930185802067,1892949931690295798,1,91400.00000,20,,
SiZ4,F,B,20240930185802067,1892949931690295799,1,92415.00000,1,,
SiZ4,F,B,20240930185802067,1892949931690295800,1,92335.00000,1,,
SiZ4,F,B,20240930185802067,1892949931690295802,1,92228.00000,90,,
SiZ4,F,B,20240930185802067,1892949931690295803,1,92600.00000,1,,
SiZ4,F,B,20240930185802067,1892949931690295804,1,92541.00000,1,,
SiZ4,F,B,20240930185802067,1892949931690295805,1,92600.00000,1,,
SiZ4,F,B,20240930185802067,1892949931690295806,1,92600.00000,1,,
SiZ4,F,B,20240930185802067,1892949931690295807,1,92567.00000,2,,
SiZ4,F,B,20240930185802067,1892949931690295808,1,92295.00000,5,,
SiZ4,F,B,20240930185802067,1892949931690295809,1,92515.00000,1,,
SiZ4,F,B,20240930185802067,1892949931690295810,1,92412.00000,1,,
SiZ4,F,S,20240930185802067,1892949931690295818,1,94122.00000,2,,
SiZ4,F,B,20240930185802067,1892949931690295821,1,91311.00000,2,,
SiZ4,F,S,20240930185802067,1892949931690295823,1,93208.00000,3,,
SiZ4,F,S,20240930185802067,1892949931690295824,1,94013.00000,2,,
SiZ4,F,B,20240930185802070,1892949931690295826,1,91537.00000,1,,
SiZ5,F,S,20240930185802070,1892949931690295827,1,103078.00000,2,,
SiZ5,F,B,20240930185802070,1892949931690295828,1,95305.00000,3,,
SiZ4,F,S,20240930185802070,1892949931690295829,1,93844.00000,5,,
SiZ4,F,B,20240930185802070,1892949931690295830,1,92453.00000,10,,
SiZ4,F,B,20240930185802070,1892949931690295831,1,92456.00000,1,,
SiZ4,F,B,20240930185802070,1892949931690295832,1,92550.00000,10,,
SiZ4,F,B,20240930185802070,1892949931690295833,1,92413.00000,5,,
SiM6,F,B,20240930185802070,1892949931690295834,1,101433.00000,1,,
SiZ4,F,B,20240930185802070,1892949931690295835,1,92447.00000,1,,
SiZ4,F,B,20240930185802070,1892949931690295836,1,92280.00000,1,,
SiU5,F,B,20240930185802070,1892949931690295837,1,96051.00000,1,,
SiH5,F,B,20240930185802070,1892949931690295838,1,88000.00000,100,,
SiH5,F,S,20240930185802070,1892949931690295839,1,98000.00000,100,,
SiZ4,F,B,20240930185802070,1892949931690295840,1,91900.00000,1,,
SiZ4,F,B,20240930185802070,1892949931690295842,1,92453.00000,1,,
SiZ4,F,B,20240930185802070,1892949931690295843,1,92610.00000,1,,
SiZ4,F,B,20240930185802070,1892949931690295844,1,92616.00000,11,,
SiZ4,F,B,20240930185802070,1892949931690295845,1,92503.00000,3,,
SiZ4,F,B,20240930185802070,1892949931690295846,1,92551.00000,10,,
SiZ4,F,B,20240930185802070,1892949931690295847,1,92351.00000,1,,
SiZ4,F,B,20240930185802070,1892949931690295848,1,92301.00000,1,,
SiZ4,F,B,20240930185802070,1892949931690295849,1,92251.00000,1,,
SiZ4,F,B,20240930185802070,1892949931690295850,1,92201.00000,1,,
SiZ4,F,B,20240930185802070,1892949931690295851,1,92151.00000,1,,
SiZ4,F,B,20240930185802070,1892949931690295852,1,92101.00000,1,,
SiZ4,F,B,20240930185802070,1892949931690295853,1,92076.00000,1,,
SiZ4,F,B,20240930185802070,1892949931690295854,1,92051.00000,1,,
SiZ4,F,B,20240930185802070,1892949931690295855,1,92026.00000,1,,
SiZ4,F,B,20240930185802070,1892949931690295856,1,92001.00000,1,,
SiZ4,F,B,20240930185802070,1892949931690295857,1,92000.00000,1,,
SiZ4,F,B,20240930185802070,1892949931690295858,1,92600.00000,1,,
SiZ4,F,B,20240930185802070,1892949931690295859,1,92600.00000,11,,
SiZ4,F,B,20240930185802070,1892949931690295860,1,92620.00000,10,,
SiZ4,F,B,20240930185802070,1892949931690295861,1,92600.00000,5,,
SiZ4,F,B,20240930185802070,1892949931690295862,1,92633.00000,9,,
SiZ4,F,B,20240930185802070,1892949931690295865,1,92220.00000,1,,
SiZ4,F,S,20240930185802070,1892949931690295866,1,99844.00000,7,,
SiZ4,F,B,20240930185802070,1892949931690295867,1,92015.00000,3,,
SiZ4,F,B,20240930185802070,1892949931690295869,1,92642.00000,3,,
SiZ4,F,B,20240930185802070,1892949931690295870,1,92641.00000,10,,
SiH5,F,B,20240930185802070,1892949931690295871,1,92750.00000,1,,
SiZ4,F,B,20240930185802070,1892949931690295872,1,92650.00000,1,,
SiZ4,F,B,20240930185802070,1892949931690295873,1,92636.00000,1,,
SiH5,F,S,20240930185802070,1892949931690295874,1,93300.00000,1,,
SiZ4,F,B,20240930185802070,1892949931690295875,1,92607.00000,3,,
SiZ4,F,B,20240930185802070,1892949931690295876,1,92659.00000,12,,
SiZ5,F,B,20240930185802070,1892949931690295888,1,98239.00000,1,,
SiM6,F,S,20240930185802070,1892949931690295902,1,107522.00000,2,,
SiZ4,F,B,20240930185802070,1892949931690295903,1,89430.00000,5,,
SiZ4,F,B,20240930185802070,1892949931690295905,1,92700.00000,1,,
SiZ4,F,B,20240930185802070,1892949931690295906,1,92652.00000,5,,
SiZ4,F,S,20240930185802070,1892949931690295909,1,93422.00000,1,,
SiZ4,F,S,20240930185802070,1892949931690295910,1,93100.00000,1,,
SiZ4,F,S,20240930185802070,1892949931690295911,1,93100.00000,1,,
SiZ4,F,S,20240930185802070,1892949931690295912,1,96392.00000,4,,
SiZ4,F,S,20240930185802070,1892949931690295913,1,99624.00000,4,,
SiZ4,F,S,20240930185802070,1892949931690295914,1,93610.00000,1,,
SiZ4,F,B,20240930185802070,1892949931690295915,1,92460.00000,1,,
SiZ4,F,S,20240930185802070,1892949931690295916,1,93380.00000,1,,
SiZ4,F,B,20240930185802070,1892949931690295917,1,92690.00000,1,,
SiZ4,F,B,20240930185802070,1892949931690295918,1,92230.00000,1,,
SiZ4,F,S,20240930185802070,1892949931690295919,1,93610.00000,1,,
SiZ4,F,S,20240930185802070,1892949931690295920,1,93150.00000,1,,
SiZ4,F,B,20240930185802070,1892949931690295921,1,92230.00000,1,,
SiZ4,F,B,20240930185802070,1892949931690295922,1,92460.00000,1,,
SiZ4,F,B,20240930185802070,1892949931690295923,1,92690.00000,1,,
SiH5,F,S,20240930185802070,1892949931690295925,1,93199.00000,1,,
SiZ4,F,S,20240930185802070,1892949931690295926,1,93380.00000,1,,
SiZ4,F,S,20240930185802070,1892949931690295927,1,93188.00000,4,,
SiZ4,F,S,20240930185802070,1892949931690295928,1,93244.00000,10,,
SiZ4,F,S,20240930185802070,1892949931690295929,1,93060.00000,1,,
SiZ4,F,S,20240930185802070,1892949931690295930,1,93429.00000,3,,
SiZ4,F,S,20240930185802070,1892949931690295931,1,93100.00000,1,,
SiZ4,F,S,20240930185802070,1892949931690295933,1,93100.00000,2,,
SiZ4,F,S,20240930185802070,1892949931690295934,1,93150.00000,3,,
SiZ4,F,S,20240930185802070,1892949931690295935,1,93040.00000,5,,
SiZ4,F,S,20240930185802070,1892949931690295936,1,93050.00000,1,,
SiZ4,F,S,20240930185802070,1892949931690295949,1,93150.00000,1,,
SiH5,F,B,20240930185802070,1892949931690295955,1,92900.00000,1,,
SiZ4,F,B,20240930185802070,1892949931690295956,1,92700.00000,50,,
SiZ4,F,B,20240930185802070,1892949931690295957,1,92793.00000,3,,
SiZ4,F,S,20240930185802070,1892949931690295959,1,93061.00000,5,,
SiZ4,F,B,20240930185802070,1892949931690295960,1,92610.00000,8,,
SiZ4,F,B,20240930185802070,1892949931690295963,1,92388.00000,14,,
SiH5,F,B,20240930185802070,1892949931690295964,1,92870.00000,1,,
SiZ4,F,S,20240930185802070,1892949931690295967,1,93184.00000,5,,
SiZ4,F,B,20240930185802070,1892949931690295968,1,92575.00000,1,,
SiZ4,F,B,20240930185802070,1892949931690295969,1,92506.00000,1,,
SiZ4,F,S,20240930185802070,1892949931690295971,1,93050.00000,4,,
SiZ4,F,B,20240930185802070,1892949931690295973,1,92717.00000,2,,
SiZ4,F,S,20240930185802070,1892949931690295974,1,93100.00000,4,,
SiZ4,F,S,20240930185802070,1892949931690295975,1,93200.00000,3,,
SiZ4,F,S,20240930185802070,1892949931690295977,1,93088.00000,1,,
SiZ4,F,B,20240930185802070,1892949931690295978,1,92600.00000,1,,
SiZ4,F,B,20240930185802070,1892949931690295979,1,92700.00000,1,,
SiZ4,F,S,20240930185802070,1892949931690295980,1,93091.00000,1,,
SiZ4,F,S,20240930185802070,1892949931690295981,1,97450.00000,1,,
SiZ4,F,S,20240930185802070,1892949931690295983,1,93000.00000,1,,
SiZ4,F,S,20240930185802070,1892949931690295984,1,93500.00000,25,,
SiZ4,F,S,20240930185802070,1892949931690295986,1,92997.00000,6,,
SiZ4,F,B,20240930185802070,1892949931690295987,1,92910.00000,30,,
SiZ4,F,B,20240930185802070,1892949931690295988,1,92811.00000,55,,
SiH5,F,S,20240930185802070,1892949931690295989,1,93700.00000,35,,
SiH5,F,S,20240930185802070,1892949931690295990,1,93600.00000,35,,
SiH5,F,S,20240930185802070,1892949931690295991,1,93500.00000,35,,
SiH5,F,S,20240930185802070,1892949931690295992,1,93400.00000,35,,
SiH5,F,S,20240930185802070,1892949931690295993,1,93300.00000,35,,
SiH5,F,B,20240930185802070,1892949931690295994,1,92500.00000,35,,
SiH5,F,B,20240930185802070,1892949931690295995,1,92600.00000,35,,
SiH5,F,B,20240930185802070,1892949931690295996,1,92700.00000,35,,
SiH5,F,B,20240930185802070,1892949931690295997,1,92800.00000,35,,
SiH5,F,B,20240930185802070,1892949931690295998,1,92900.00000,35,,
SiM6,F,B,20240930185802070,1892949931690295999,1,97167.00000,2,,
SiZ4,F,B,20240930185802070,1892949931690296000,1,92893.00000,9,,
SiH6,F,S,20240930185802070,1892949931690296001,1,103693.00000,2,,
SiM5,F,B,20240930185802070,1892949931690296004,1,92069.00000,2,,
SiZ4,F,B,20240930185802070,1892949931690296005,1,92635.00000,4,,
SiZ4,F,B,20240930185802070,1892949931690296006,1,91345.00000,5,,
SiZ4,F,B,20240930185802070,1892949931690296007,1,89737.00000,5,,
SiZ4,F,S,20240930185802070,1892949931690296008,1,94563.00000,5,,
SiZ4,F,S,20240930185802070,1892949931690296009,1,96171.00000,5,,
SiZ4,F,B,20240930185802070,1892949931690296010,1,92508.00000,15,,
SiZ4,F,S,20240930185802070,1892949931690296011,1,93484.00000,15,,
SiZ4,F,S,20240930185802070,1892949931690296012,1,93290.00000,150,,
SiZ4,F,B,20240930185802070,1892949931690296013,1,92937.00000,1,,
SiZ4,F,S,20240930185802070,1892949931690296014,1,93396.00000,150,,
SiZ4,F,B,20240930185802070,1892949931690296015,1,92936.00000,5,,
SiZ4,F,B,20240930185802070,1892949931690296016,1,92653.00000,150,,
SiZ4,F,B,20240930185802070,1892949931690296017,1,92569.00000,150,,
SiH5,F,S,20240930185802070,1892949931690296018,1,93274.00000,2,,
SiH5,F,S,20240930185802070,1892949931690296019,1,93248.00000,2,,
SiZ4,F,S,20240930185802070,1892949931690296020,1,93941.00000,1,,
SiZ4,F,S,20240930185802070,1892949931690296021,1,93280.00000,20,,
SiZ4,F,B,20240930185802070,1892949931690296026,1,92875.00000,10,,
SiZ4,F,B,20240930185802070,1892949931690296027,1,92825.00000,15,,
SiZ4,F,B,20240930185802070,1892949931690296028,1,92775.00000,15,,
SiZ4,F,B,20240930185802070,1892949931690296029,1,92725.00000,20,,
SiZ4,F,B,20240930185802070,1892949931690296030,1,92675.00000,25,,
SiZ4,F,B,20240930185802070,1892949931690296031,1,92625.00000,25,,
SiZ4,F,B,20240930185802070,1892949931690296032,1,92575.00000,25,,
SiZ4,F,B,20240930185802070,1892949931690296033,1,92525.00000,25,,
SiZ4,F,B,20240930185802070,1892949931690296034,1,92475.00000,30,,
SiZ4,F,B,20240930185802073,1892949931690296035,1,92375.00000,30,,
SiZ4,F,B,20240930185802073,1892949931690296036,1,92275.00000,30,,
SiZ4,F,B,20240930185802073,1892949931690296037,1,92175.00000,30,,
SiZ4,F,B,20240930185802073,1892949931690296038,1,92075.00000,30,,
SiZ4,F,B,20240930185802073,1892949931690296039,1,91975.00000,35,,
SiZ4,F,S,20240930185802073,1892949931690296040,1,93076.00000,10,,
SiZ4,F,S,20240930185802073,1892949931690296041,1,93126.00000,15,,
SiZ4,F,S,20240930185802073,1892949931690296042,1,93176.00000,15,,
SiZ4,F,S,20240930185802073,1892949931690296043,1,93226.00000,20,,
SiZ4,F,S,20240930185802073,1892949931690296044,1,93276.00000,25,,
SiZ4,F,S,20240930185802073,1892949931690296045,1,93326.00000,25,,
SiZ4,F,S,20240930185802073,1892949931690296046,1,93376.00000,25,,
SiZ4,F,S,20240930185802073,1892949931690296047,1,93426.00000,25,,
BRX4,F,S,20240930185802073,1960785401077563536,1,73.57000,1,,
SiZ4,F,S,20240930185802073,1892949931690296048,1,93476.00000,30,,
SiZ4,F,S,20240930185802073,1892949931690296049,1,93576.00000,30,,
BRX4,F,S,20240930185802073,1960785401077563537,1,73.67000,1,,
SiZ4,F,S,20240930185802073,1892949931690296050,1,93676.00000,30,,
SiZ4,F,S,20240930185802073,1892949931690296051,1,93776.00000,30,,
BRX4,F,S,20240930185802073,1960785401077563538,1,73.77000,1,,
SiZ4,F,S,20240930185802073,1892949931690296052,1,93876.00000,30,,
SiZ4,F,S,20240930185802073,1892949931690296053,1,93976.00000,35,,
BRX4,F,S,20240930185802073,1960785401077563539,1,73.87000,1,,
SiZ4,F,S,20240930185802073,1892949931690296054,1,94488.00000,1,,
SiZ4,F,B,20240930185802073,1892949931690296055,1,91461.00000,1,,
BRX4,F,S,20240930185802073,1960785401077563540,1,73.97000,1,,
BRX4,F,S,20240930185802073,1960785401077563541,1,74.07000,1,,
GZZ4,F,B,20240930185802073,1896046156434112724,1,13502.00000,25,,
GZZ4,F,B,20240930185802073,1896046156434112725,1,13402.00000,25,,
BRX4,F,S,20240930185802073,1960785401077563542,1,74.17000,1,,
GZM5,F,B,20240930185802073,1896046156434112726,1,13037.00000,1,,
BRX4,F,S,20240930185802073,1960785401077563543,1,74.37000,1,,
BRX4,F,S,20240930185802073,1960785401077563544,1,74.57000,1,,
GZH5,F,B,20240930185802073,1896046156434112727,1,12200.00000,1,,
GZZ4,F,B,20240930185802073,1896046156434112728,1,13919.00000,10,,
GZZ4,F,B,20240930185802073,1896046156434112729,1,14000.00000,12,,
BRX4,F,S,20240930185802073,1960785401077563545,1,74.87000,1,,
GZZ4,F,S,20240930185802073,1896046156434112731,1,15431.00000,1,,
BRX4,F,B,20240930185802073,1960785401077563546,1,72.25000,1,,
BRX4,F,S,20240930185802073,1960785401077563547,1,75.07000,1,,
GZZ4,F,B,20240930185802073,1896046156434112732,1,11314.00000,1,,
BRX4,F,B,20240930185802073,1960785401077563548,1,72.40000,1,,
BRX4,F,S,20240930185802073,1960785401077563549,1,75.17000,1,,
GZH5,F,B,20240930185802073,1896046156434112736,1,12501.00000,1,,
BRX4,F,S,20240930185802073,1960785401077563550,1,75.37000,10,,
GZM5,F,B,20240930185802073,1896046156434112737,1,13001.00000,1,,
BRX4,F,S,20240930185802073,1960785401077563551,1,75.57000,10,,
BRX4,F,S,20240930185802073,1960785401077563552,1,75.87000,10,,
BRX4,F,S,20240930185802073,1960785401077563553,1,75.97000,25,,
GZZ4,F,B,20240930185802073,1896046156434112742,1,12250.00000,1,,
GZZ4,F,B,20240930185802073,1896046156434112744,1,12984.00000,1,,
GZZ4,F,B,20240930185802073,1896046156434112745,1,13370.00000,1,,
GZZ4,F,S,20240930185802073,1896046156434112747,1,15573.00000,10,,
GZZ4,F,S,20240930185802073,1896046156434112748,1,15099.00000,1,,
GZZ4,F,B,20240930185802073,1896046156434112749,1,13755.00000,1,,
GZZ4,F,B,20240930185802073,1896046156434112750,1,13157.00000,1,,
GZZ4,F,S,20240930185802073,1896046156434112751,1,15200.00000,50,,
GZZ4,F,B,20240930185802073,1896046156434112752,1,13826.00000,5,,
GZZ4,F,B,20240930185802073,1896046156434112753,1,13726.00000,5,,
GZM6,F,B,20240930185802073,1896046156434112754,1,17202.00000,1,,
GZZ4,F,B,20240930185802073,1896046156434112755,1,13626.00000,5,,
GZZ4,F,B,20240930185802073,1896046156434112759,1,14158.00000,1,,
GZM6,F,S,20240930185802073,1896046156434112761,1,18500.00000,1,,
GZM6,F,B,20240930185802073,1896046156434112762,1,17500.00000,1,,
GZZ4,F,B,20240930185802073,1896046156434112764,1,14026.00000,5,,
GZZ4,F,S,20240930185802073,1896046156434112765,1,15959.00000,9,,
GZZ4,F,S,20240930185802073,1896046156434112766,1,15998.00000,4,,
BRX4,F,B,20240930185802073,1960785401077563554,1,71.81000,1,,
BRX4,F,B,20240930185802073,1960785401077563555,1,71.59000,1,,
BRX4,F,S,20240930185802073,1960785401077563556,1,74.74000,1,,
BRX4,F,S,20240930185802073,1960785401077563557,1,74.99000,1,,
GZZ4,F,S,20240930185802073,1896046156434112810,1,15486.00000,95,,
GZZ4,F,S,20240930185802073,1896046156434112811,1,15898.00000,97,,
GZZ4,F,B,20240930185802073,1896046156434112812,1,14121.00000,2,,
BRV4,F,B,20240930185802073,1960785401077563559,1,71.61000,1,,
GZZ4,F,B,20240930185802073,1896046156434112819,1,13700.00000,60,,
BRX4,F,B,20240930185802073,1960785401077563560,1,72.41000,1,,
BRX4,F,S,20240930185802073,1960785401077563561,1,73.10000,1,,
GZZ4,F,S,20240930185802073,1896046156434112828,1,15713.00000,1,,
GZH5,F,S,20240930185802073,1896046156434112829,1,16512.00000,1,,
GZZ4,F,S,20240930185802073,1896046156434112830,1,15554.00000,1,,
GZZ4,F,B,20240930185802073,1896046156434112832,1,14210.00000,1,,
GZH5,F,B,20240930185802073,1896046156434112834,1,14019.00000,5,,
GZZ4,F,S,20240930185802073,1896046156434112838,1,15088.00000,1,,
GZZ4,F,S,20240930185802073,1896046156434112839,1,15188.00000,1,,
GZZ4,F,S,20240930185802073,1896046156434112840,1,15288.00000,1,,
GZZ4,F,S,20240930185802073,1896046156434112841,1,15388.00000,1,,
GZZ4,F,S,20240930185802073,1896046156434112842,1,15488.00000,2,,
GZZ4,F,S,20240930185802073,1896046156434112847,1,15380.00000,1,,
GZH5,F,B,20240930185802073,1896046156434112848,1,14232.00000,300,,
GZH5,F,S,20240930185802073,1896046156434112849,1,16499.00000,97,,
GZM5,F,S,20240930185802073,1896046156434112850,1,17212.00000,5,,
GZZ4,F,S,20240930185802073,1896046156434112854,1,15050.00000,1,,
GZZ4,F,S,20240930185802073,1896046156434112858,1,15100.00000,2,,
GZZ4,F,B,20240930185802073,1896046156434112859,1,14200.00000,2,,
GZZ4,F,B,20240930185802073,1896046156434112860,1,14100.00000,2,,
GZZ4,F,B,20240930185802073,1896046156434112861,1,14000.00000,2,,
GZZ4,F,B,20240930185802073,1896046156434112862,1,13900.00000,2,,
GZZ4,F,B,20240930185802073,1896046156434112863,1,13800.00000,2,,
GZZ4,F,S,20240930185802073,1896046156434112867,1,15200.00000,2,,
GZZ4,F,B,20240930185802073,1896046156434112869,1,13512.00000,15,,
BRX4,F,S,20240930185802073,1960785401077563562,1,72.98000,1,,
GZM6,F,S,20240930185802073,1896046156434112886,1,18500.00000,1,,
GZZ4,F,S,20240930185802073,1896046156434112887,1,15500.00000,1,,
GZZ4,F,S,20240930185802073,1896046156434112888,1,15250.00000,20,,
GZZ5,F,B,20240930185802073,1896046156434112889,1,15358.00000,5,,
BRX4,F,S,20240930185802073,1960785401077563563,1,72.94000,1,,
GZZ4,F,B,20240930185802073,1896046156434112892,1,13600.00000,30,,
GZZ4,F,B,20240930185802073,1896046156434112898,1,14020.00000,100,,
GZZ4,F,B,20240930185802073,1896046156434112899,1,13750.00000,100,,
GZZ4,F,B,20240930185802073,1896046156434112900,1,13500.00000,100,,
GZH5,F,B,20240930185802073,1896046156434112901,1,13941.00000,15,,
GZZ4,F,B,20240930185802073,1896046156434112902,1,13457.00000,95,,
GZZ4,F,B,20240930185802073,1896046156434112903,1,13553.00000,250,,
GZM5,F,B,20240930185802073,1896046156434112910,1,14500.00000,1,,
GZZ4,F,B,20240930185802073,1896046156434112912,1,13907.00000,1,,
GZZ4,F,B,20240930185802073,1896046156434112913,1,13497.00000,1,,
GZZ4,F,B,20240930185802073,1896046156434112914,1,14241.00000,25,,
GZZ4,F,B,20240930185802073,1896046156434112915,1,13967.00000,1,,
GZZ4,F,B,20240930185802073,1896046156434112916,1,14000.00000,1,,
GZZ4,F,B,20240930185802073,1896046156434112917,1,14303.00000,1,,
GZZ4,F,B,20240930185802073,1896046156434112918,1,14295.00000,15,,
GZZ4,F,B,20240930185802077,1896046156434112920,1,14206.00000,25,,
GZZ4,F,B,20240930185802077,1896046156434112921,1,13618.00000,1,,
GZZ4,F,B,20240930185802077,1896046156434112924,1,14213.00000,10,,
GZZ4,F,B,20240930185802077,1896046156434112925,1,14213.00000,12,,
GZZ4,F,B,20240930185802077,1896046156434112926,1,14347.00000,1,,
GZU5,F,B,20240930185802077,1896046156434112927,1,14808.00000,5,,
GZZ4,F,B,20240930185802077,1896046156434112928,1,13680.00000,7,,
GZZ4,F,B,20240930185802077,1896046156434112929,1,13470.00000,1,,
GZZ4,F,B,20240930185802077,1896046156434112930,1,14181.00000,4,,
GZZ4,F,B,20240930185802077,1896046156434112931,1,14312.00000,15,,
GZZ4,F,B,20240930185802077,1896046156434112932,1,14165.00000,20,,
GZZ4,F,B,20240930185802077,1896046156434112933,1,14222.00000,6,,
GZZ4,F,B,20240930185802077,1896046156434112934,1,14300.00000,2,,
GZZ4,F,S,20240930185802077,1896046156434112935,1,15995.00000,3,,
GZZ4,F,B,20240930185802077,1896046156434112937,1,14100.00000,1,,
GZZ4,F,B,20240930185802077,1896046156434112938,1,13500.00000,6,,
GZZ4,F,B,20240930185802077,1896046156434112939,1,14338.00000,3,,
GZZ4,F,B,20240930185802077,1896046156434112941,1,14301.00000,2,,
GZZ4,F,B,20240930185802077,1896046156434112942,1,14163.00000,1,,
GZZ4,F,B,20240930185802077,1896046156434112943,1,13862.00000,2,,
GZZ4,F,B,20240930185802077,1896046156434112945,1,13750.00000,20,,
GZZ4,F,B,20240930185802077,1896046156434112946,1,14300.00000,2,,
GZZ4,F,B,20240930185802077,1896046156434112948,1,14275.00000,1,,
GZZ4,F,B,20240930185802077,1896046156434112954,1,14300.00000,45,,
GZZ4,F,S,20240930185802077,1896046156434112957,1,16040.00000,1,,
GZZ4,F,B,20240930185802077,1896046156434112958,1,14250.00000,2,,
GZZ4,F,B,20240930185802077,1896046156434112959,1,14320.00000,2,,
GZZ4,F,B,20240930185802077,1896046156434112961,1,14000.00000,7,,
GZZ4,F,B,20240930185802077,1896046156434112965,1,14201.00000,1,,
GZZ4,F,B,20240930185802077,1896046156434112967,1,14000.00000,1,,
GZZ4,F,B,20240930185802077,1896046156434112968,1,14250.00000,1,,
GZZ4,F,B,20240930185802077,1896046156434112980,1,13980.00000,4,,
GZZ4,F,S,20240930185802077,1896046156434112981,1,15774.00000,68,,
GZZ4,F,S,20240930185802077,1896046156434112982,1,15961.00000,68,,
GZZ4,F,B,20240930185802077,1896046156434112983,1,13439.00000,68,,
GZZ4,F,B,20240930185802077,1896046156434112984,1,13466.00000,68,,
GZH5,F,B,20240930185802077,1896046156434112985,1,14016.00000,72,,
GZH5,F,B,20240930185802077,1896046156434112986,1,13946.00000,72,,
GZH5,F,S,20240930185802077,1896046156434112987,1,16158.00000,72,,
GZH5,F,S,20240930185802077,1896046156434112988,1,16344.00000,72,,
GZH5,F,S,20240930185802077,1896046156434112989,1,16571.00000,72,,
GZM5,F,B,20240930185802077,1896046156434112990,1,14610.00000,71,,
GZZ4,F,B,20240930185802077,1896046156434112994,1,14045.00000,1,,
GZZ4,F,S,20240930185802077,1896046156434112996,1,15496.00000,6,,
GZZ4,F,B,20240930185802077,1896046156434112997,1,14340.00000,1,,
GZZ4,F,B,20240930185802077,1896046156434112999,1,13304.00000,8,,
GZZ4,F,B,20240930185802077,1896046156434113004,1,14350.00000,3,,
GZZ4,F,B,20240930185802077,1896046156434113005,1,14350.00000,2,,
GZZ4,F,B,20240930185802077,1896046156434113006,1,13625.00000,5,,
GZZ4,F,B,20240930185802077,1896046156434113007,1,14006.00000,5,,
GZZ4,F,B,20240930185802077,1896046156434113008,1,13250.00000,2,,
GZZ4,F,B,20240930185802077,1896046156434113010,1,14341.00000,1,,
GZZ4,F,B,20240930185802077,1896046156434113011,1,14325.00000,1,,
GZZ4,F,B,20240930185802077,1896046156434113012,1,14302.00000,1,,
GZH5,F,B,20240930185802077,1896046156434113013,1,14900.00000,20,,
GZZ4,F,B,20240930185802077,1896046156434113014,1,14362.00000,1,,
GZZ4,F,B,20240930185802077,1896046156434113015,1,14362.00000,1,,
GZZ4,F,B,20240930185802077,1896046156434113016,1,14377.00000,2,,
GZZ4,F,B,20240930185802077,1896046156434113017,1,14368.00000,15,,
GZZ4,F,B,20240930185802077,1896046156434113018,1,14200.00000,1,,
GZH5,F,B,20240930185802077,1896046156434113019,1,14900.00000,1,,
GZZ4,F,B,20240930185802077,1896046156434113020,1,14166.00000,10,,
GZZ4,F,B,20240930185802077,1896046156434113021,1,14042.00000,1,,
GZZ4,F,B,20240930185802077,1896046156434113022,1,14361.00000,1,,
GZZ4,F,B,20240930185802077,1896046156434113023,1,14500.00000,1,,
GZZ4,F,B,20240930185802077,1896046156434113024,1,14250.00000,7,,
GZZ4,F,B,20240930185802077,1896046156434113026,1,14550.00000,5,,
GZZ4,F,B,20240930185802077,1896046156434113027,1,14450.00000,5,,
GZZ4,F,B,20240930185802077,1896046156434113028,1,14350.00000,5,,
GZZ4,F,B,20240930185802077,1896046156434113029,1,14391.00000,1,,
GZZ4,F,S,20240930185802077,1896046156434113030,1,15735.00000,25,,
GZZ4,F,S,20240930185802077,1896046156434113031,1,15630.00000,25,,
GZZ4,F,S,20240930185802077,1896046156434113032,1,15462.00000,25,,
GZZ4,F,S,20240930185802077,1896046156434113033,1,15361.00000,25,,
GZZ4,F,S,20240930185802077,1896046156434113034,1,15548.00000,25,,
GZZ4,F,S,20240930185802077,1896046156434113035,1,15822.00000,25,,
GZZ4,F,S,20240930185802077,1896046156434113036,1,15100.00000,10,,
GZZ4,F,S,20240930185802077,1896046156434113037,1,15132.00000,10,,
GZU5,F,S,20240930185802077,1896046156434113038,1,17109.00000,4,,
GZZ5,F,S,20240930185802077,1896046156434113039,1,18170.00000,5,,
GZU5,F,S,20240930185802077,1896046156434113040,1,17455.00000,1,,
GZZ4,F,S,20240930185802077,1896046156434113042,1,15837.00000,1,,
GZZ4,F,S,20240930185802077,1896046156434113043,1,15018.00000,1,,
GZZ4,F,S,20240930185802077,1896046156434113045,1,15177.00000,10,,
GZH6,F,B,20240930185802077,1896046156434113046,1,17286.00000,5,,
GZZ4,F,S,20240930185802077,1896046156434113047,1,15098.00000,150,,
GZH6,F,S,20240930185802077,1896046156434113048,1,18914.00000,5,,
GZZ4,F,S,20240930185802077,1896046156434113050,1,15010.00000,2,,
GZZ4,F,S,20240930185802077,1896046156434113052,1,15024.00000,1,,
GZZ4,F,S,20240930185802077,1896046156434113053,1,15024.00000,1,,
GZZ4,F,S,20240930185802077,1896046156434113054,1,15300.00000,31,,
GZZ4,F,S,20240930185802077,1896046156434113055,1,14998.00000,100,,
GZZ4,F,S,20240930185802077,1896046156434113056,1,15001.00000,1,,
GZZ4,F,S,20240930185802077,1896046156434113057,1,14997.00000,5,,
GZZ4,F,B,20240930185802077,1896046156434113060,1,14400.00000,1,,
GZZ4,F,S,20240930185802077,1896046156434113061,1,15000.00000,1,,
GZZ4,F,S,20240930185802077,1896046156434113062,1,15003.00000,1,,
GZZ4,F,S,20240930185802077,1896046156434113063,1,15105.00000,2,,
GZZ4,F,S,20240930185802077,1896046156434113064,1,15256.00000,4,,
GZM5,F,B,20240930185802077,1896046156434113065,1,15189.00000,50,,
GZZ4,F,S,20240930185802077,1896046156434113066,1,15550.00000,3,,
GZZ4,F,S,20240930185802077,1896046156434113069,1,15050.00000,2,,
GZZ4,F,S,20240930185802077,1896046156434113070,1,14950.00000,15,,
GZZ4,F,B,20240930185802077,1896046156434113071,1,14550.00000,1,,
GZZ4,F,S,20240930185802077,1896046156434113072,1,15050.00000,6,,
GZZ4,F,B,20240930185802077,1896046156434113073,1,14300.00000,1,,
GZZ4,F,S,20240930185802077,1896046156434113075,1,14970.00000,100,,
GZZ4,F,B,20240930185802077,1896046156434113076,1,14500.00000,2,,
GZZ4,F,S,20240930185802077,1896046156434113078,1,15050.00000,5,,
GZZ4,F,B,20240930185802077,1896046156434113079,1,14300.00000,1,,
GZZ4,F,S,20240930185802077,1896046156434113081,1,14957.00000,2,,
GZZ4,F,B,20240930185802077,1896046156434113082,1,14300.00000,2,,
GZZ4,F,S,20240930185802077,1896046156434113084,1,15000.00000,3,,
GZZ4,F,S,20240930185802077,1896046156434113085,1,15200.00000,1,,
GZZ4,F,S,20240930185802077,1896046156434113089,1,15400.00000,10,,
GZZ4,F,S,20240930185802077,1896046156434113090,1,15006.00000,1,,
GZZ4,F,B,20240930185802077,1896046156434113093,1,13700.00000,1,,
GZZ4,F,B,20240930185802077,1896046156434113095,1,14343.00000,2,,
GZZ4,F,B,20240930185802077,1896046156434113096,1,14230.00000,2,,
GZZ4,F,B,20240930185802077,1896046156434113097,1,14020.00000,1,,
GZZ4,F,S,20240930185802077,1896046156434113098,1,15299.00000,1,,
GZZ4,F,S,20240930185802077,1896046156434113099,1,15499.00000,1,,
GZZ4,F,S,20240930185802077,1896046156434113100,1,14950.00000,1,,
GZZ4,F,S,20240930185802077,1896046156434113101,1,15676.00000,1,,
GZZ4,F,B,20240930185802077,1896046156434113103,1,14502.00000,15,,
GZZ4,F,S,20240930185802077,1896046156434113106,1,14949.00000,3,,
GZZ4,F,S,20240930185802077,1896046156434113107,1,15000.00000,1,,
GZZ4,F,S,20240930185802077,1896046156434113108,1,15165.00000,50,,
GZM6,F,B,20240930185802077,1896046156434113109,1,17728.00000,1,,
GZZ4,F,S,20240930185802077,1896046156434113110,1,15150.00000,10,,
GZZ4,F,S,20240930185802077,1896046156434113111,1,15000.00000,100,,
GZZ4,F,S,20240930185802077,1896046156434113112,1,14950.00000,1,,
GZZ4,F,S,20240930185802077,1896046156434113114,1,14950.00000,21,,
GZZ4,F,S,20240930185802077,1896046156434113115,1,15000.00000,1,,
GZZ4,F,S,20240930185802077,1896046156434113116,1,14950.00000,5,,
GZZ4,F,S,20240930185802077,1896046156434113117,1,15000.00000,1,,
GZZ4,F,S,20240930185802077,1896046156434113118,1,14970.00000,1,,
GZZ4,F,B,20240930185802077,1896046156434113119,1,14001.00000,2,,
GZZ4,F,S,20240930185802077,1896046156434113120,1,14950.00000,5,,
GZZ4,F,S,20240930185802077,1896046156434113121,1,15283.00000,11,,
GZZ4,F,B,20240930185802077,1896046156434113122,1,14541.00000,25,,
GZZ4,F,S,20240930185802077,1896046156434113123,1,15163.00000,11,,
GZZ4,F,B,20240930185802077,1896046156434113124,1,14400.00000,2,,
GZZ4,F,S,20240930185802077,1896046156434113125,1,15400.00000,4,,
GZM6,F,S,20240930185802077,1896046156434113126,1,19610.00000,4,,
GZM6,F,S,20240930185802077,1896046156434113127,1,19299.00000,4,,
GZM6,F,S,20240930185802077,1896046156434113128,1,19550.00000,1,,
GZZ4,F,B,20240930185802077,1896046156434113129,1,14177.00000,1,,
GZZ4,F,B,20240930185802077,1896046156434113130,1,14020.00000,10,,
GZZ4,F,B,20240930185802077,1896046156434113131,1,14020.00000,20,,
GZZ4,F,S,20240930185802077,1896046156434113132,1,15221.00000,1,,
GZZ4,F,S,20240930185802077,1896046156434113133,1,14990.00000,4,,
GZZ4,F,S,20240930185802077,1896046156434113134,1,15294.00000,25,,
GZZ4,F,B,20240930185802077,1896046156434113135,1,14400.00000,3,,
GZZ4,F,S,20240930185802077,1896046156434113136,1,14955.00000,4,,
GZZ4,F,S,20240930185802077,1896046156434113137,1,15483.00000,11,,
GZZ4,F,S,20240930185802077,1896046156434113138,1,15050.00000,30,,
GZZ4,F,S,20240930185802077,1896046156434113139,1,14964.00000,1,,
GZZ4,F,S,20240930185802077,1896046156434113140,1,14954.00000,1,,
GZZ4,F,S,20240930185802077,1896046156434113141,1,15500.00000,8,,
GZZ4,F,S,20240930185802077,1896046156434113142,1,14950.00000,2,,
GZZ4,F,S,20240930185802077,1896046156434113144,1,14997.00000,1,,
GZZ4,F,B,20240930185802077,1896046156434113145,1,14010.00000,5,,
GZZ4,F,S,20240930185802077,1896046156434113146,1,14950.00000,10,,
GZZ4,F,S,20240930185802077,1896046156434113147,1,15137.00000,15,,
GZZ4,F,B,20240930185802077,1896046156434113148,1,14500.00000,5,,
GZZ4,F,S,20240930185802077,1896046156434113149,1,14984.00000,1,,
GZZ4,F,S,20240930185802077,1896046156434113150,1,14950.00000,1,,
GZZ4,F,S,20240930185802077,1896046156434113151,1,14950.00000,1,,
GZZ4,F,S,20240930185802077,1896046156434113152,1,14994.00000,130,,
GZZ4,F,S,20240930185802077,1896046156434113153,1,14920.00000,1,,
GZZ4,F,S,20240930185802077,1896046156434113156,1,15223.00000,10,,
GZZ4,F,S,20240930185802077,1896046156434113157,1,14944.00000,3,,
GZZ4,F,S,20240930185802077,1896046156434113158,1,14900.00000,1,,
GZZ4,F,S,20240930185802077,1896046156434113159,1,14939.00000,2,,
GZZ4,F,S,20240930185802077,1896046156434113160,1,14940.00000,1,,
GZZ4,F,S,20240930185802077,1896046156434113161,1,14939.00000,2,,
GZZ4,F,S,20240930185802077,1896046156434113162,1,14997.00000,2,,
GZZ4,F,S,20240930185802077,1896046156434113163,1,14970.00000,30,,
GZZ4,F,B,20240930185802077,1896046156434113164,1,14020.00000,20,,
GZZ4,F,S,20240930185802077,1896046156434113165,1,14998.00000,1,,
GZZ4,F,S,20240930185802077,1896046156434113167,1,15000.00000,1,,
GZZ4,F,B,20240930185802077,1896046156434113168,1,14410.00000,23,,
GZZ4,F,B,20240930185802077,1896046156434113169,1,14350.00000,50,,
GZZ4,F,B,20240930185802077,1896046156434113172,1,14400.00000,1,,
GZZ4,F,S,20240930185802077,1896046156434113173,1,15025.00000,1,,
GZZ4,F,S,20240930185802077,1896046156434113174,1,14934.00000,1,,
GZZ4,F,S,20240930185802077,1896046156434113175,1,15005.00000,20,,
GZZ4,F,S,20240930185802077,1896046156434113176,1,15080.00000,20,,
GZZ4,F,S,20240930185802077,1896046156434113177,1,15120.00000,20,,
GZZ4,F,S,20240930185802077,1896046156434113178,1,15180.00000,20,,
GZZ4,F,S,20240930185802077,1896046156434113179,1,15500.00000,1,,
GZZ4,F,B,20240930185802077,1896046156434113180,1,14010.00000,2,,
GZZ4,F,B,20240930185802077,1896046156434113181,1,14410.00000,2,,
GZZ4,F,S,20240930185802077,1896046156434113182,1,14900.00000,1,,
GZZ4,F,B,20240930185802077,1896046156434113184,1,14150.00000,125,,
GZZ4,F,S,20240930185802077,1896046156434113186,1,14947.00000,1,,
GZZ4,F,B,20240930185802077,1896046156434113188,1,14500.00000,1,,
GZZ4,F,S,20240930185802077,1896046156434113190,1,15600.00000,1,,
GZZ4,F,S,20240930185802077,1896046156434113191,1,15065.00000,11,,
GZZ4,F,S,20240930185802077,1896046156434113193,1,14890.00000,20,,
GZZ4,F,S,20240930185802077,1896046156434113194,1,14990.00000,20,,
GZZ4,F,S,20240930185802077,1896046156434113196,1,15000.00000,5,,
GZZ4,F,S,20240930185802077,1896046156434113197,1,15000.00000,3,,
GZZ4,F,S,20240930185802077,1896046156434113199,1,14833.00000,1,,
GZZ4,F,S,20240930185802077,1896046156434113200,1,14833.00000,1,,
GZZ4,F,S,20240930185802077,1896046156434113201,1,14834.00000,20,,
GZZ4,F,S,20240930185802077,1896046156434113203,1,14810.00000,3,,
GZZ4,F,S,20240930185802080,1896046156434113206,1,14811.00000,20,,
GZZ4,F,S,20240930185802080,1896046156434113207,1,14850.00000,15,,
GZZ4,F,S,20240930185802080,1896046156434113208,1,14810.00000,1,,
GZZ4,F,S,20240930185802080,1896046156434113209,1,14800.00000,2,,
GZZ4,F,S,20240930185802080,1896046156434113210,1,14752.00000,20,,
GZZ4,F,S,20240930185802080,1896046156434113211,1,14777.00000,10,,
GZZ4,F,S,20240930185802080,1896046156434113212,1,14984.00000,11,,
GZZ4,F,S,20240930185802080,1896046156434113213,1,14917.00000,11,,
GZZ4,F,B,20240930185802080,1896046156434113214,1,14004.00000,10,,
GZZ4,F,S,20240930185802080,1896046156434113215,1,14860.00000,1,,
GZZ4,F,B,20240930185802080,1896046156434113216,1,14010.00000,100,,
GZZ4,F,S,20240930185802080,1896046156434113235,1,14898.00000,1,,
GZZ4,F,S,20240930185802080,1896046156434113238,1,14738.00000,3,,
GZZ4,F,S,20240930185802080,1896046156434113240,1,14880.00000,1,,
GZZ4,F,S,20240930185802080,1896046156434113241,1,14864.00000,11,,
GZH5,F,B,20240930185802080,1896046156434113242,1,14900.00000,6,,
GZZ4,F,S,20240930185802080,1896046156434113243,1,14721.00000,3,,
GZZ4,F,S,20240930185802080,1896046156434113244,1,14788.00000,1,,
GZZ4,F,S,20240930185802080,1896046156434113246,1,14900.00000,1,,
GZZ4,F,B,20240930185802080,1896046156434113247,1,14515.00000,2,,
GZZ4,F,B,20240930185802080,1896046156434113248,1,14550.00000,3,,
GZZ4,F,S,20240930185802080,1896046156434113249,1,14900.00000,2,,
GZZ4,F,B,20240930185802080,1896046156434113250,1,13230.00000,1,,
GZZ4,F,S,20240930185802080,1896046156434113251,1,15840.00000,1,,
GZZ4,F,B,20240930185802080,1896046156434113253,1,14502.00000,10,,
GZZ4,F,B,20240930185802080,1896046156434113254,1,14150.00000,1,,
GZZ4,F,S,20240930185802080,1896046156434113255,1,14920.00000,1,,
GZZ4,F,B,20240930185802080,1896046156434113256,1,14453.00000,3,,
GZZ4,F,S,20240930185802080,1896046156434113257,1,14938.00000,3,,
GZZ4,F,S,20240930185802080,1896046156434113258,1,14841.00000,3,,
GZZ4,F,B,20240930185802080,1896046156434113259,1,14364.00000,3,,
GZZ4,F,B,20240930185802080,1896046156434113260,1,14497.00000,3,,
GZZ4,F,S,20240930185802080,1896046156434113261,1,15029.00000,3,,
GZZ4,F,S,20240930185802080,1896046156434113262,1,14896.00000,3,,
GZZ4,F,S,20240930185802080,1896046156434113264,1,14744.00000,3,,
GZZ4,F,B,20240930185802080,1896046156434113265,1,14356.00000,3,,
GZZ4,F,B,20240930185802080,1896046156434113266,1,14280.00000,2,,
GZZ4,F,B,20240930185802080,1896046156434113267,1,14500.00000,30,,
GZM5,F,S,20240930185802080,1896046156434113268,1,15900.00000,29,,
GZZ4,F,B,20240930185802080,1896046156434113269,1,14050.00000,40,,
GZZ4,F,S,20240930185802080,1896046156434113270,1,14760.00000,3,,
GZZ4,F,B,20240930185802080,1896046156434113273,1,14451.00000,10,,
GZZ4,F,B,20240930185802080,1896046156434113274,1,14500.00000,10,,
GZZ4,F,S,20240930185802080,1896046156434113276,1,14800.00000,10,,
GZZ4,F,S,20240930185802080,1896046156434113278,1,14900.00000,10,,
GZZ4,F,S,20240930185802080,1896046156434113279,1,14799.00000,2,,
GZZ4,F,S,20240930185802080,1896046156434113280,1,14780.00000,8,,
GZM6,F,S,20240930185802080,1896046156434113282,1,19300.00000,1,,
GZZ4,F,S,20240930185802080,1896046156434113288,1,15000.00000,1,,
GZZ4,F,S,20240930185802080,1896046156434113289,1,15400.00000,1,,
GZZ4,F,S,20240930185802080,1896046156434113290,1,14763.00000,3,,
GZZ4,F,B,20240930185802080,1896046156434113291,1,14231.00000,3,,
GZZ4,F,S,20240930185802080,1896046156434113292,1,15800.00000,1,,
GZZ4,F,B,20240930185802080,1896046156434113295,1,14200.00000,1,,
GZZ4,F,S,20240930185802080,1896046156434113297,1,14686.00000,1,,
GZM6,F,B,20240930185802080,1896046156434113298,1,17922.00000,1,,
GZZ4,F,B,20240930185802080,1896046156434113303,1,14510.00000,5,,
GZZ4,F,B,20240930185802080,1896046156434113304,1,14410.00000,41,,
GZZ4,F,B,20240930185802080,1896046156434113305,1,14550.00000,5,,
GZZ4,F,S,20240930185802080,1896046156434113306,1,14900.00000,1,,
GZZ4,F,B,20240930185802080,1896046156434113307,1,14510.00000,1,,
GZZ4,F,B,20240930185802080,1896046156434113309,1,13966.00000,10,,
GZZ4,F,B,20240930185802080,1896046156434113310,1,13888.00000,10,,
GZH5,F,B,20240930185802080,1896046156434113311,1,15137.00000,1,,
GZZ4,F,B,20240930185802080,1896046156434113313,1,13777.00000,10,,
GZZ4,F,B,20240930185802080,1896046156434113314,1,14380.00000,92,,
GZZ4,F,B,20240930185802080,1896046156434113315,1,14513.00000,1,,
GZZ4,F,S,20240930185802080,1896046156434113316,1,14789.00000,111,,
GZZ4,F,B,20240930185802080,1896046156434113317,1,14477.00000,1,,
GZZ4,F,B,20240930185802080,1896046156434113318,1,14441.00000,1,,
GZZ4,F,B,20240930185802080,1896046156434113319,1,14532.00000,1,,
GZZ4,F,B,20240930185802080,1896046156434113320,1,14567.00000,1,,
GZZ4,F,B,20240930185802080,1896046156434113321,1,14002.00000,5,,
GZZ4,F,B,20240930185802080,1896046156434113322,1,14352.00000,1,,
GZZ4,F,B,20240930185802080,1896046156434113323,1,14369.00000,1,,
GZZ4,F,B,20240930185802080,1896046156434113324,1,14383.00000,1,,
GZZ4,F,B,20240930185802080,1896046156434113327,1,14500.00000,10,,
GZZ4,F,B,20240930185802080,1896046156434113328,1,14500.00000,14,,
GZZ4,F,S,20240930185802080,1896046156434113329,1,14780.00000,1,,
GZZ4,F,B,20240930185802080,1896046156434113330,1,14350.00000,1,,
GZZ4,F,S,20240930185802080,1896046156434113332,1,14694.00000,3,,
GZZ4,F,S,20240930185802080,1896046156434113333,1,14870.00000,5,,
GZZ4,F,B,20240930185802080,1896046156434113334,1,14416.00000,16,,
GZZ4,F,B,20240930185802080,1896046156434113338,1,14390.00000,40,,
GZZ4,F,S,20240930185802080,1896046156434113339,1,14700.00000,10,,
GZZ4,F,S,20240930185802080,1896046156434113340,1,14777.00000,25,,
GZZ4,F,S,20240930185802080,1896046156434113341,1,14990.00000,1,,
GZZ4,F,S,20240930185802080,1896046156434113342,1,14656.00000,1,,
GZZ4,F,S,20240930185802080,1896046156434113343,1,14777.00000,7,,
GZZ4,F,S,20240930185802080,1896046156434113344,1,14800.00000,5,,
GZZ4,F,B,20240930185802080,1896046156434113345,1,14527.00000,1,,
GZZ4,F,B,20240930185802080,1896046156434113346,1,14500.00000,5,,
GZZ4,F,S,20240930185802080,1896046156434113348,1,14925.00000,1,,
GZZ4,F,S,20240930185802080,1896046156434113350,1,14723.00000,1,,
GZZ4,F,S,20240930185802080,1896046156434113352,1,15004.00000,5,,
GZZ4,F,B,20240930185802080,1896046156434113353,1,14541.00000,5,,
GZZ4,F,B,20240930185802080,1896046156434113354,1,14551.00000,5,,
GZZ4,F,B,20240930185802080,1896046156434113355,1,14400.00000,1,,
GZZ4,F,S,20240930185802080,1896046156434113357,1,14878.00000,5,,
GZZ4,F,S,20240930185802080,1896046156434113358,1,14790.00000,35,,
GZZ4,F,S,20240930185802080,1896046156434113359,1,14826.00000,5,,
GZZ4,F,S,20240930185802080,1896046156434113360,1,14790.00000,5,,
GZZ4,F,S,20240930185802080,1896046156434113361,1,14993.00000,5,,
GZZ4,F,S,20240930185802080,1896046156434113364,1,15304.00000,350,,
GZH5,F,B,20240930185802080,1896046156434113365,1,14255.00000,200,,
GZH5,F,S,20240930185802080,1896046156434113366,1,16144.00000,200,,
GZZ4,F,B,20240930185802080,1896046156434113367,1,13666.00000,200,,
GZZ4,F,S,20240930185802080,1896046156434113368,1,15600.00000,200,,
GZZ4,F,S,20240930185802080,1896046156434113369,1,14660.00000,5,,
GZZ4,F,B,20240930185802080,1896046156434113370,1,14219.00000,50,,
GZZ4,F,B,20240930185802080,1896046156434113371,1,14119.00000,50,,
GZZ4,F,B,20240930185802080,1896046156434113372,1,14358.00000,20,,
GZZ4,F,S,20240930185802080,1896046156434113373,1,14881.00000,20,,
GZH5,F,B,20240930185802080,1896046156434113374,1,14913.00000,50,,
GZH5,F,S,20240930185802080,1896046156434113375,1,15475.00000,50,,
GZZ4,F,S,20240930185802080,1896046156434113376,1,15020.00000,50,,
GZZ4,F,S,20240930185802080,1896046156434113377,1,15120.00000,50,,
GZZ4,F,B,20240930185802080,1896046156434113378,1,14111.00000,10,,
GZZ4,F,B,20240930185802080,1896046156434113379,1,14222.00000,10,,
GZZ4,F,B,20240930185802080,1896046156434113380,1,14550.00000,1,,
GZZ4,F,B,20240930185802080,1896046156434113381,1,14011.00000,300,,
GZZ4,F,B,20240930185802080,1896046156434113382,1,14561.00000,100,,
GZZ5,F,S,20240930185802080,1896046156434113383,1,17025.00000,1,,
GZZ4,F,B,20240930185802080,1896046156434113384,1,13511.00000,500,,
GZZ4,F,B,20240930185802080,1896046156434113386,1,14450.00000,20,,
GZZ4,F,B,20240930185802080,1896046156434113387,1,14465.00000,68,,
GZZ4,F,B,20240930185802080,1896046156434113388,1,14453.00000,111,,
GZZ4,F,B,20240930185802080,1896046156434113389,1,14397.00000,69,,
GZZ4,F,B,20240930185802080,1896046156434113390,1,14296.00000,69,,
GZZ4,F,S,20240930185802080,1896046156434113391,1,14922.00000,69,,
GZZ4,F,S,20240930185802080,1896046156434113392,1,14627.00000,5,,
GZZ4,F,S,20240930185802080,1896046156434113393,1,14630.00000,19,,
GZZ4,F,B,20240930185802080,1896046156434113394,1,14583.00000,20,,
GZZ4,F,B,20240930185802080,1896046156434113395,1,14570.00000,25,,
GZZ4,F,B,20240930185802080,1896046156434113396,1,14588.00000,1,,
GZZ4,F,S,20240930185802080,1896046156434113397,1,14648.00000,2,,
GZZ4,F,B,20240930185802080,1896046156434113399,1,14595.00000,30,,
GZZ4,F,B,20240930185802080,1896046156434113400,1,14596.00000,20,,
GZZ4,F,S,20240930185802080,1896046156434113402,1,14628.00000,20,,
GZZ4,F,S,20240930185802080,1896046156434113403,1,14616.00000,21,,
GZZ4,F,S,20240930185802080,1896046156434113404,1,14617.00000,30,,
SNZ4,F,S,20240930185802080,1916875304710701058,1,27886.00000,1,,
SNZ4,F,S,20240930185802080,1916875304710701059,1,27200.00000,30,,
SNZ4,F,S,20240930185802080,1916875304710701061,1,27300.00000,4,,
SNZ4,F,B,20240930185802080,1916875304710701062,1,24505.00000,70,,
SNZ4,F,S,20240930185802080,1916875304710701070,1,26999.00000,1,,
SNZ4,F,S,20240930185802083,1916875304710701088,1,26666.00000,3,,
SNZ4,F,S,20240930185802083,1916875304710701089,1,26808.00000,7,,
